1980 3118
200 349 284 389 alia
306 361 408 399 pars
437 347 550 396 artis,
581 360 701 397 quam
722 347 953 399 adiunyunt
978 346 1258 397 siqnificatiue,
1282 338 1501 396 precedens
1526 345 1763 394 castr-atinam,

199 427 274 464 que
295 426 399 463 pars
429 415 485 452 est
512 414 560 452 de
590 412 748 451 notione
778 413 954 451 omnium
984 425 1201 452 causarum
1235 410 1551 462 eyrotatiuarum
1586 413 1621 449 et
1649 422 1766 449 sana-

199 479 391 528 tiuarum,
414 491 534 528 quam
561 478 807 517 materialem
833 478 998 528 quidam
1019 481 1270 528 nuncupant,
1298 477 1472 516 existens
1497 475 1767 526 coynoscitiua

199 543 377 582 omnium
407 555 634 583 causarum.
695 543 877 581 Maxime
904 556 994 582 vero
1023 556 1240 582 causarum
1268 542 1314 581 in
1343 543 1399 581 eis
1427 554 1503 590 que
1537 540 1767 591 offeruntur
1788 554 1854 585 290

200 611 234 648 et
268 621 343 657 que
381 606 489 656 fiunt
526 610 563 646 et
598 611 851 647 euacuantur
885 611 922 647 et
955 612 1178 647 extrorsum
1217 607 1404 647 incidunt
1443 605 1763 655 considerantur,

199 673 487 712 considerando
521 672 702 711 videlicet
735 673 919 711 virtutem
947 673 1262 721 vniuscuiusque
1288 671 1574 721 predictorum.
1633 670 1766 717 Quam

199 741 371 785 aut<em>
420 737 629 776 vtilitatem
673 738 751 776 arti
785 738 954 787 prebent
987 738 1067 788 hec,
1103 750 1181 786 per
1221 736 1507 786 terapeuticam
1542 735 1765 775 methodum

199 805 398 842 ostensum
426 805 495 842 est.

329 866 590 922 [Capitulum
606 872 805 918 quartum,
826 868 870 907 in
891 882 966 918 quo
980 868 1096 920 ponit
1115 868 1354 907 diuisionem
1374 867 1613 906 mcdicatiue
1633 879 1764 915 sump-
1789 879 1853 910 295

199 937 281 973 tam
302 946 326 972 a
345 933 588 973 secundaria
612 934 791 984 materia,
816 948 896 973 non
911 934 1047 983 prima
1073 937 1110 973 et
1130 934 1303 972 maxime
1319 933 1508 983 propria;
1536 933 1609 972 illa
1630 935 1766 971 autem

199 1001 255 1037 est
283 1011 427 1047 corpus
456 998 626 1038 hominis
654 1011 724 1037 seu
749 999 947 1050 particule
982 997 1110 1052 eius]
1153 1044 1159 1054 a

327 1063 445 1104 VIII.
490 1063 578 1111 Que
599 1063 759 1113 quidem
777 1064 903 1114 iyitur
927 1064 1188 1116 (secundum)
1207 1063 1537 1114 propriissimam
1558 1062 1766 1102 materiam

198 1128 432 1166 medicatiue
447 1128 622 1167 inventio
627 1129 813 1177 partium
823 1129 922 1177 eius,
931 1142 982 1167 ex
993 1129 1067 1168 tali
1073 1142 1087 1176 7·
1096 1142 1171 1177 que
1183 1142 1272 1167 vero
1286 1131 1342 1167 est
1353 1129 1573 1167 secundum
1584 1129 1765 1166 secunda

189 1192 415 1242 propriam,
439 1192 517 1232 sic:
547 1192 701 1242 Corpus
727 1193 898 1233 hominis
922 1193 1158 1232 medicatiue
1185 1193 1286 1232 artis
1311 1196 1371 1232 est
1394 1192 1565 1232 materia
1589 1192 1761 1231 secundo
1785 1200 1852 1231 300

197 1261 244 1307 et,
275 1257 364 1310 <ut>
389 1258 525 1307 utiq-ue
547 1259 654 1297 dicat
682 1259 783 1309 quis,
809 1259 1243 1298 secundum-accidens
1273 1272 1325 1308 eo,
1355 1261 1460 1308 quod
1483 1258 1605 1297 huius
1630 1258 1761 1307 dispo-

196 1323 484 1362 sitionessunt
513 1323 668 1362 sanitas
699 1327 737 1362 et
768 1324 960 1374 egritudo.
1009 1327 1067 1363 est
1091 1323 1199 1363 enim
1226 1327 1261 1362 et
1280 1324 1434 1374 phisice
1457 1336 1596 1372 sermo,
1627 1326 1761 1362 tamen

196 1392 233 1428 et
261 1390 481 1429 secundum
511 1389 707 1439 accidens,
737 1403 881 1439 corpus
911 1403 963 1439 eo,
985 1391 1089 1439 quod
1109 1393 1165 1429 est
1183 1390 1406 1441 yenerabile
1432 1393 1467 1428 et
1493 1388 1758 1438 corruptibile.

195 1453 412 1492 Naturalis
445 1467 535 1493 vero
560 1454 825 1505 phylosophia
853 1456 900 1493 de
936 1455 1005 1503 eis,
1036 1467 1110 1504 que
1139 1458 1236 1493 sunt
1262 1455 1307 1493 in
1334 1455 1588 1505 yeneratione
1615 1457 1653 1492 et
1681 1466 1760 1491 cor-

195 1518 392 1568 ruptione,
420 1519 655 1567 considerat,
677 1522 714 1558 et
731 1523 898 1571 propter
917 1519 987 1559 hoc
1009 1519 1142 1569 primo
1168 1522 1206 1558 et
1226 1520 1318 1559 huic
1336 1519 1499 1559 scientie
1517 1522 1575 1558 est
1594 1518 1761 1557 materia
1784 1526 1848 1557 305

194 1585 395 1634 yeneratio
431 1588 466 1623 et
493 1587 663 1633 propter
697 1584 799 1623 hanc
832 1584 1057 1635 yenerabile
1093 1597 1248 1634 corpus.
1306 1584 1458 1623 Iccirco
1492 1584 1598 1623 enim
1628 1587 1664 1622 et
1690 1582 1761 1621 hu-

195 1661 361 1688 manum
391 1662 535 1699 corpus
566 1653 621 1688 est
649 1650 817 1689 materia
845 1650 1062 1700 naturalis,
1094 1663 1134 1689 eo
1163 1652 1266 1698 quod
1296 1654 1352 1689 est
1378 1649 1601 1700 yenerabile
1625 1652 1663 1688 et
1681 1662 1761 1688 cor-

325 1805 390 1836 289
412 1804 580 1845 coynitiua
666 1805 733 1836 290
754 1805 901 1836 maxime
923 1805 992 1837 ΑΒ
1080 1805 1251 1837 290-291
1276 1807 1307 1837 et
1330 1804 1488 1845 deficiant
1512 1805 1542 1836 A
1566 1806 1597 1836 et
1618 1803 1707 1845 fiunt
1727 1803 1761 1835 Β

193 1858 258 1890 291
275 1859 529 1892 considerantur
543 1858 630 1900 fehlt
645 1859 683 1891 in
699 1859 733 1892 B
751 1857 959 1899 (vermutlich
974 1870 1035 1892 von
1051 1860 1171 1892 diesem
1189 1860 1382 1892 Bearbeiter
1396 1860 1527 1892 deshalb
1541 1858 1759 1900 ausyelassen,

194 1913 266 1944 weil
293 1923 329 1945 er
356 1914 531 1946 maxime
551 1915 618 1945 290
645 1914 818 1955 fcllschlich
845 1915 898 1947 als
923 1915 1054 1947 Adverb
1080 1913 1176 1955 (stati
1204 1915 1256 1947 als
1283 1914 1477 1954 maximae)
1502 1914 1627 1955 yefasst
1657 1911 1760 1951 hatte)

192 1968 368 2000 292-293
390 1978 490 2009 quam
513 1970 573 2000 aut
596 1968 628 2000 Α
652 1978 751 2009 quam
773 1970 884 2001 autem
909 1969 943 2001 Β
1052 1970 1117 2002 293
1133 1969 1317 2010 praebeant
1339 1969 1372 2002 B
1478 1969 1651 2001 293—294
1675 1969 1759 1999 tera-

188 2022 357 2061 penticam
382 2023 413 2053 A
438 2023 698 2063 therapeuticam
720 2023 754 2055 Β
841 2025 1018 2055 295-297
1036 2024 1121 2064 fehlt
1142 2024 1179 2055 in
1195 2024 1229 2055 Β
1316 2025 1381 2055 298
1402 2024 1508 2064 iqitur
1529 2023 1707 2054 secundum
1725 2021 1759 2053 B

193 2071 259 2108 299
292 2077 473 2109 seeundum
507 2076 685 2109 secundam
712 2077 895 2119 propriam
929 2078 960 2110 A
994 2079 1174 2111 secundum
1208 2078 1385 2110 secundam
1418 2087 1485 2110 non
1512 2076 1690 2118 propriam
1725 2075 1759 2108 B

193 2132 256 2161 301
281 2133 312 2162 et
334 2132 447 2171 utique
470 2132 559 2163 dieat
575 2132 607 2163 A
630 2133 662 2162 et
683 2132 737 2163 uti
759 2132 848 2163 dicat
866 2132 899 2163 Β
986 2133 1054 2164 302
1073 2139 1098 2163 e.
1123 2143 1156 2163 n.
1181 2134 1211 2163 ct
1233 2133 1265 2163 A
1287 2134 1334 2163 est
1357 2132 1444 2163 enim
1467 2134 1498 2162 et
1513 2132 1546 2162 Β
1632 2132 1700 2161 302
1722 2131 1758 2160 tn

193 2185 224 2216 et
246 2184 278 2216 A
303 2186 414 2217 tamen
437 2186 469 2217 et
492 2184 526 2218 Β
657 2185 722 2217 304.
744 2184 947 2228 philosophia
972 2185 1006 2218 Β

323 2337 388 2370 288
411 2338 537 2368 πάντων
562 2340 625 2368 τῶν
649 2339 790 2376 νοσερῶν
815 2347 851 2368 τε
874 2339 930 2368 καὶ
953 2337 1096 2377 ὑγιεινῶν
1121 2338 1230 2368 αἰτίων
1254 2337 1349 2378 (oder
1369 2340 1478 2368 πασῶν
1502 2339 1564 2367 τῶν
1582 2362 1589 2368 .
1607 2362 1614 2369 .
1632 2336 1758 2376 αἰτιῶν)

191 2390 256 2424 289
280 2391 358 2430 ὅπερ
383 2391 495 2422 ὑλικόν
520 2401 605 2428 τινες
630 2393 839 2431 ὀνομάζουσιν
862 2392 1007 2431 ὑπάρχον
1034 2393 1209 2431 γνωστικὸν
1236 2392 1386 2422 ἁπάντων
1412 2394 1473 2422 τῶν
1499 2393 1606 2422 αἰτίων
1626 2399 1633 2406 ·
1657 2392 1699 2421 τά
1724 2391 1760 2421 δὲ

192 2446 326 2485 μέγιστα
353 2446 416 2476 τῶν
448 2447 557 2477 αἰτίων
585 2447 620 2476 ἐν
649 2450 718 2484 τοῖς
752 2447 1028 2486 προσφερομένοις
1058 2447 1115 2477 καὶ
1149 2447 1351 2486 ποιουμένοις
1379 2448 1437 2477 καὶ
1464 2447 1674 2486 κενουμένοις
1701 2446 1760 2476 καὶ

192 2500 311 2537 ἔξωθεν
328 2503 561 2539 προσπίπτουσι
576 2502 751 2541 θεωρεῖται
830 2502 895 2536 293
911 2502 965 2533 διὰ
976 2504 1035 2541 τῆς
1046 2502 1284 2541 θεραπευτικῆς
1298 2502 1440 2541 μεθόδου
1453 2503 1616 2533 δέδεικται
1631 2500 1675 2541 (Χ
1693 2497 1724 2543 ρ’.
1742 2502 1757 2533 l

191 2564 241 2597 sq.
265 2555 381 2595 Kfihn)
498 2557 563 2589 300
586 2557 622 2586 τὸ
647 2559 704 2587 τοῦ
727 2556 902 2594 ἀνθρώπου
925 2559 1018 2595 σῶμα
1042 2559 1100 2596 τῆς
1123 2558 1268 2596 ἰατρικῆς
1292 2558 1408 2597 τὲχνης
1432 2558 1516 2588 ἐστὶν
1540 2557 1602 2597 ὕλη
1626 2557 1759 2596 δευτέρα

190 2611 247 2640 καὶ
278 2611 323 2648 ὡς
348 2610 386 2641 ἄν
420 2612 504 2641 εἴποι
534 2620 582 2648 τις
611 2613 698 2641 κατὰ
726 2610 927 2650 συμβεβηκὸς
956 2614 1001 2650 τῷ
1029 2612 1090 2648 τὰς
1117 2611 1232 2641 τούτου
1262 2612 1422 2649 διαθέσεις
1451 2611 1534 2654 εἶναι
1556 2612 1680 2652 ὑγίειαν
1702 2621 1760 2653 καὶ

190 2665 285 2695 νόσον
434 2666 499 2699 303
522 2669 566 2705 τῷ
589 2666 727 2705 γενητὸν
749 2666 807 2695 καὶ
831 2665 976 2704 φθαρτὸν
1000 2664 1082 2695 εἶναι
1222 2666 1396 2699 303—304
1418 2667 1438 2706 ἡ
1464 2668 1500 2697 δὲ
1523 2668 1642 2706 φυσικὴ
1667 2668 1759 2706 φιλο-

191 2720 290 2757 σοφία
313 2720 385 2758 περὶ
407 2722 468 2750 τῶν
493 2721 527 2750 ὲν
552 2721 677 2760 γενέσει
700 2721 757 2750 καὶ
781 2719 893 2758 φθορᾷ
916 2719 1014 2749 ὄντων
1039 2720 1159 2757 θεωρεῖ
1361 2721 1424 2753 307
1450 2721 1511 2761 ὕλη
1537 2723 1596 2760 τῆς
1620 2724 1759 2761 φυσικῆς

1580 2786 1625 2819 3*
