1980 3118
855 153 1096 192 —28—

153 310 156 314 ,
193 293 268 329 que
290 283 347 320 est
366 281 588 320 secundum
617 269 1008 321 commensuritatem
1037 281 1332 331 dispositionis;
1359 285 1397 321 et
1425 285 1573 332 quarta
1601 295 1675 331 que
1706 285 1763 322 est

104 489 168 519 125

102 811 170 844 130

107 1137 169 1168 135

107 1465 171 1496 140

104 1792 170 1824 145

191 344 299 385 circa
324 345 642 395 conuersionem,·
662 349 701 385 et
719 346 861 396 quinta
881 359 957 396 que
981 349 1039 386 est
1059 359 1084 386 a
1107 346 1304 386 solutione
1333 349 1369 386 et
1394 360 1419 387 a
1443 346 1612 386 motione
1629 346 1762 398 ipsius

191 409 432 461 suffusionis
446 412 495 450 de
512 411 592 450 loco
607 423 722 460 quem
742 411 1059 466 comprehendit;
1078 415 1117 451 et
1129 414 1244 451 sexta
1264 424 1339 461 que
1360 414 1417 451 est
1436 424 1488 451 ex
1508 411 1744 451 abductione
1749 423 1763 460 ;

191 477 229 513 et
257 475 425 526 septima
445 489 520 525 que
539 479 597 515 est
616 478 664 515 de
693 476 977 516 incuneatione
996 500 1045 505 —
1068 476 1211 515 ultime
1235 477 1339 515 enim
1364 479 1460 516 sunt
1478 476 1547 516 hee
1564 476 1708 516 noticie
1728 479 1763 515 et

192 539 357 579 minime
385 543 421 579 et
448 540 651 590 simplices
679 544 717 580 et
741 554 822 581 non
842 541 986 581 habent
1014 541 1248 581 incisionem
1268 543 1321 581 ad
1346 541 1450 581 alias
1474 541 1644 581 noticias
1668 540 1763 581 sim-

187 605 378 654 pliciores
408 605 476 646 eis.
534 606 717 646 Noticias
752 610 885 646 autem
913 607 976 646 vel
1009 607 1188 646 notiones
1216 608 1277 647 vet
1310 607 1498 647 scientias
1526 607 1587 646 vel
1616 607 1763 646 theore-

193 673 303 710 mata
332 671 462 711 dicere
490 671 595 711 nihil
626 671 765 724 differt
799 673 853 711 ad
879 685 1063 722 presens,
1099 673 1205 712 sicut
1238 685 1365 722 neque
1391 675 1533 723 partes
1568 675 1605 711 et
1630 672 1763 722 parti-

193 737 307 776 culas
336 740 372 776 et
393 738 609 787 portiones.
668 738 847 778 Scientia
874 738 1002 789 iyitur
1020 751 1095 787 que
1123 742 1182 778 est
1201 740 1249 778 de
1279 738 1520 788 apunctione
1549 737 1764 787 composita

194 805 251 840 est
286 815 334 841 ex
369 802 431 841 his
460 815 535 852 que
565 804 785 842 secundum
815 806 973 854 partem
1006 803 1196 853 scientiis,
1232 816 1332 853 quas
1359 803 1637 853 pertransini;
1672 803 1763 842 uni-

196 880 313 906 uersa
354 868 526 920 aut(em>
564 880 664 907 cura
705 868 982 919 su-ffusionum
1025 869 1180 918 indiqet
1217 869 1421 917 aliquibus
1469 868 1563 907 aliis
1604 868 1764 907 noticiis

193 931 424 983 duplicibus
451 932 673 972 secundum
700 945 847 984 yenus:
874 933 1016 983 prima
1044 933 1205 984 quidem
1234 933 1372 974 ordine
1394 932 1678 984 preparatiua,
1707 945 1764 972 se-

193 999 327 1036 cunda
349 1002 481 1036 autem
502 999 710 1037 nominata
739 999 1101 1048 apotherapeutica.
1150 999 1197 1037 Si
1225 999 1330 1037 enim
1351 1000 1621 1048 plethoricum
1649 998 1764 1047 suffi-

193 1060 344 1101 cienter
376 1062 438 1102 vel
473 1061 738 1102 cacochimum
770 1062 832 1102 vel
871 1062 1196 1115 cephalaryicum
1231 1063 1405 1115 aliquem
1439 1061 1639 1114 accipiens
1674 1061 1764 1114 quis

192 1129 314 1166 ducat
334 1130 388 1167 ad
401 1128 505 1167 hanc
525 1129 769 1178 cyrurqiam,
784 1130 997 1178 fleymones
1013 1130 1168 1177 aliquos
1183 1130 1412 1178 operabitur
1431 1129 1673 1176 tunicarum,
1690 1141 1766 1176 que

192 1196 289 1233 sunt
318 1195 502 1244 apuncte‚
535 1196 571 1233 et
598 1193 910 1244 compassionem
931 1193 1053 1234 totius
1072 1193 1238 1244 capitis,·
1267 1197 1313 1233 ut
1338 1197 1471 1234 autem
1490 1207 1572 1234 non
1590 1192 1663 1242 fiat
1682 1193 1763 1243 hoc,

191 1259 454 1307 preparatiue
474 1259 574 1297 artis
595 1262 652 1298 est
681 1272 794 1308 opus,
825 1259 943 1297 cuius
971 1259 1139 1298 intentio
1159 1262 1217 1298 est
1243 1260 1389 1310 absque
1416 1258 1765 1308 superfluitatibus

193 1323 353 1370 quidem
374 1326 409 1362 et
422 1336 579 1372 purum
600 1326 725 1362 totum
746 1336 902 1374 corpus,
927 1327 1049 1373 caput
1070 1323 1240 1375 aut(cm)
1257 1323 1525 1363 indolorosum
1545 1324 1747 1362 ostendere
1752 1336 1766 1371 7·

193 1400 246 1426 cx
265 1387 410 1438 quibus
437 1387 607 1441 aut(em>
626 1401 771 1428 rursus
791 1388 861 1427 hoc
879 1388 954 1437 fiat
971 1388 1286 1439 theorematibus,
1314 1388 1507 1428 elementa
1528 1387 1628 1427 artis
1647 1391 1765 1437 sunt,·

193 1454 297 1492 sicut
316 1467 464 1492 rursus
490 1453 781 1503 conuenienter,
810 1467 859 1492 ex
878 1454 1023 1502 quibus
1040 1457 1134 1503 post
1160 1453 1392 1505 cyrurqiam
1412 1454 1557 1502 absque
1576 1453 1767 1503 fleymone

195 1517 354 1567 quidem
385 1518 524 1558 oculus
553 1517 619 1568 sit,
648 1518 870 1558 innocitum
900 1521 1035 1557 autem
1065 1521 1189 1558 totum
1219 1521 1353 1568 caput,
1384 1521 1422 1557 et
1449 1518 1494 1557 in
1522 1517 1591 1557 hoc
1621 1518 1766 1557 theore-

195 1586 299 1622 mate
327 1584 522 1622 elementa
549 1583 791 1622 medicatiue
820 1583 919 1622 artis
948 1586 1055 1632 sunt,
1085 1583 1129 1621 id
1159 1586 1216 1622 est
1243 1583 1407 1621 minime
1426 1586 1462 1621 et
1486 1583 1622 1622 vltime
1634 1583 1765 1632 parti-

196 1648 294 1686 cule.
358 1648 485 1688 Hunc
525 1661 613 1698 erqo
650 1661 868 1687 sermonem
905 1648 1013 1687 velut
1050 1648 1280 1697 exemplum
1320 1648 1373 1687 ad
1413 1648 1517 1688 alias
1556 1648 1766 1687 uniuersas

190 1713 401 1762 passiones
421 1713 560 1752 sciatis
576 1726 670 1762 esse,
692 1717 730 1752 et
747 1713 968 1762 scientiam,
986 1726 1059 1761 que
1081 1716 1138 1751 est
1156 1715 1377 1752 secundum
1392 1713 1596 1764 sinyulam
1612 1726 1764 1762 earum,

195 1778 314 1818 talem
350 1791 431 1818 esse
460 1781 622 1829 partem
652 1778 765 1827 artis,
801 1778 934 1828 qualis
970 1781 1025 1818 est
1059 1777 1104 1817 in
1143 1777 1312 1818 animali
1345 1781 1527 1818 vocatum
1556 1791 1763 1829 orqanum.

195 1845 323 1883 Adest
351 1847 485 1883 autem
513 1847 551 1883 et
583 1844 654 1883 hoc
684 1847 818 1894 preter
846 1857 1035 1894 maynum
1064 1844 1233 1882 laborem
1262 1844 1474 1893 diliqenter
1502 1844 1767 1883 determinare

327 1957 394 1988 122
413 1955 768 1988 commensurationem
783 1955 817 1987 Β
874 1956 938 1986 125
960 1954 1099 1987 notitiae
1114 1954 1148 1987 Β
1205 1955 1269 1986 126
1291 1955 1430 1987 notitias
1444 1955 1478 1987 B
1534 1956 1598 1987 129
1619 1965 1766 1995 appunc-

194 2010 282 2041 tione
303 2010 338 2041 Β
399 2010 460 2040 131
484 2011 595 2041 autem
619 2009 653 2040 Β
719 2010 783 2040 133
805 2008 1094 2049 apocherapeutica
1118 2009 1149 2039 A
1174 2008 1467 2049 apotherapeutica
1488 2009 1523 2040 Β
1588 2009 1654 2040 133
1669 2008 1766 2049 pleu-

194 2064 335 2096 reticwm
359 2064 390 2096 A
410 2063 630 2105 plethoricum
653 2063 687 2095 Β
832 2064 894 2095 134
917 2062 1169 2105 caehochymum
1191 2062 1225 2095 B
1366 2063 1429 2095 134
1451 2062 1711 2104 cephalalgicum
1732 2063 1767 2095 Β

196 2119 260 2150 135
282 2118 490 2159 chiruryiam
512 2118 547 2150 Β
703 2119 766 2149 135
782 2117 1002 2158 phleymonas
1025 2118 1156 2157 aliquas
1179 2118 1213 2149 B
1371 2118 1438 2149 138
1459 2119 1559 2158 caput
1580 2119 1692 2149 autem
1714 2118 1766 2149 in-

194 2172 308 2205 dolens
330 2172 363 2204 B
467 2172 531 2204 139
552 2173 664 2204 autem
680 2171 714 2204 B
829 2172 893 2203 140
915 2170 1123 2212 chirurqiam
1147 2171 1265 2212 absque
1281 2170 1479 2213 phleqmone
1494 2171 1528 2204 Β
1625 2173 1689 2204 141
1715 2171 1766 2204 in-

192 2227 356 2268 offensum
379 2227 413 2259 B
546 2228 610 2259 146
631 2226 726 2259 Licet
749 2228 859 2258 autem
883 2226 918 2258 Β
1049 2227 1115 2257 146
1137 2226 1223 2257 citra
1245 2236 1407 2266 maqnum
1429 2226 1464 2258 Β

329 2324 390 2356 122
406 2325 495 2354 κατὰ
509 2324 567 2363 τὴν
583 2326 642 2362 τῆς
659 2323 839 2360 διαθέσεως
856 2324 1052 2361 συμμετρίαν
1121 2323 1185 2355 123
1201 2323 1405 2361 ἀντίστρεψις
1418 2321 1460 2362 (Ρ)
1474 2322 1556 2354 oder
1571 2323 1765 2362 ἀντιστροφή

197 2379 260 2411 123
275 2378 364 2414 λύσις
456 2378 519 2410 123
533 2379 661 2417 κίνησις
753 2377 923 2410 124-125
945 2377 1129 2416 παραγωγὴ
1220 2377 1284 2409 125
1300 2377 1460 2416 σφὴνωσις
1550 2377 1612 2410 127
1629 2377 1766 2417 γνώσεις

194 2434 232 2464 δὲ
254 2433 275 2472 ἣ
298 2434 423 2469 ἐννοίας
446 2432 467 2471 ἣ
490 2432 667 2471 ἐπιστήμας
682 2432 704 2471 ἢ
725 2431 926 2471 θεωρήματα
946 2432 1052 2471 λέγειν
1079 2431 1173 2462 οὐδὲν
1196 2432 1340 2470 διαφέρει
1361 2432 1439 2470 πρὸς
1462 2432 1499 2461 τὸ
1521 2433 1636 2472 παρόν,
1660 2432 1766 2469 ὥσπερ

194 2489 273 2518 οὐδὲ
297 2475 377 2526 μέρη
400 2489 458 2517 καὶ
482 2488 580 2525 μόρια
603 2488 661 2516 καὶ
685 2488 801 2525 μοίρας
929 2487 1100 2522 132-133
1123 2489 1494 2525 προπαρασκευαστικῆς
1620 2486 1685 2518 133
1707 2488 1766 2525 τῆς

192 2542 402 2582 καλουμένης
418 2541 725 2581 ἀποθεραπευτικῆς
795 2532 857 2573 133
868 2540 1077 2580 πληθωρικὸν
1092 2541 1213 2578 ἱκανῶς
1229 2539 1249 2580 ἢ
1266 2541 1461 2580 κακόχυμον
1478 2539 1499 2580 ἢ
1516 2540 1763 2580 κεφαλαργικόν

195 2607 267 2628 τινα
291 2598 466 2637 δεξάμενος
538 2637 540 2640 y
562 2597 626 2631 135
648 2597 838 2636 φλεγμονὰς
934 2596 997 2633 136
1011 2595 1243 2635 ’συμπάθειανῖ
1343 2584 1413 2628 *146*
1431 2596 1534 2626 ἔνεστι
1557 2595 1638 2637 (vgl.
1663 2594 1765 2628 Kalb-

196 2650 310 2682 sseiseh
335 2662 374 2682 zu
400 2645 546 2682 Galenus
569 2650 611 2682 de
635 2654 742 2682 causis
766 2650 1014 2682 continentibus
1038 2661 1071 2692 p.
1090 2651 1139 2689 16,
1156 2650 1187 2689 1)
