1980 3118
188 387 238 414 eoe
279 372 371 422 ipsa
412 368 701 421 siqnifi‘catione
733 369 977 420 peruenitur
1013 371 1067 409 ad
1104 368 1226 419 finem
1269 368 1381 410 artis,
1449 368 1589 417 Neque
1630 366 1752 407 etiam

187 438 334 479 similis
376 435 563 476 transitio
597 435 831 484 equiualens
869 439 929 475 est
955 435 1163 486 particula
1192 448 1270 486 per
1302 448 1344 474 se
1381 433 1680 484 inspectioni[s]
1714 435 1753 471 et

189 502 380 556 hystorie;
413 513 536 551 quare
566 503 711 551 autem,
745 513 825 540 non
853 501 980 541 instat
1007 513 1133 541 sermo
1160 500 1230 551 qui
1257 512 1368 540 nunc
1396 503 1474 549 est;
1505 497 1753 549 sufficienter

190 569 296 609 enim
339 570 540 607 ostensum
581 569 640 605 est
672 579 750 616 per
792 569 916 606 totum
957 580 1080 606 vnum
1121 566 1269 606 librum
1301 579 1379 616 per
1417 578 1470 606 se.
1527 563 1587 603 Et
1626 577 1754 614 neque

189 633 356 684 Serapio
376 632 495 672 aliter
514 632 784 683 coqnoscebat;
808 633 877 672 sed
895 634 944 672 de
963 632 1034 672 hoc
1053 632 1214 682 quidem
1233 631 1302 672 ille
1321 631 1559 681 cuicumque
1577 643 1678 670 cura
1698 632 1754 669 est
1774 642 1841 672 245

190 711 326 739 eorum
351 697 421 747 qui
445 697 683 747 empericam
701 699 729 747 †
749 697 958 737 dictionem
979 698 1010 750 (.
1030 728 1038 736 .
1057 697 1089 750 .)
1107 697 1438 749 pertransierunt
1461 697 1568 736 hunc
1593 695 1751 734 librum.

190 764 278 815 qu
313 765 459 811 autem,
503 761 600 810 quia
638 765 683 801 tu
716 774 807 801 eum
840 762 911 811 qui
933 775 1012 812 per
1043 762 1329 801 indicationem
1363 765 1401 801 et
1433 762 1658 801 methodum
1692 760 1754 799 in-

189 840 371 879 yressum
390 828 444 866 ad
467 826 569 866 talia
592 826 708 876 nosti,
731 826 985 877 principium
1013 826 1189 866 sermoni
1216 826 1349 866 simile
1376 826 1585 876 empericis
1598 837 1756 876 ponens

192 895 245 934 ad
274 892 465 934 continua
492 891 685 932 sermonis
713 891 900 933 transibo.

323 957 586 1013 [Capitulum
620 958 793 1008 tertium,
831 958 876 997 in
910 971 985 1008 quo
1013 958 1132 1008 ponit
1165 957 1404 997 diuisionem
1439 958 1676 998 medicatiue
1710 956 1756 997 in
1778 970 1845 1002 250

187 1028 326 1077 partes
349 1024 510 1075 primas
536 1027 572 1064 et
593 1023 771 1064 maxime
791 1024 980 1075 proprias
985 1038 1000 1074 ;
1029 1023 1111 1064 ista
1136 1028 1269 1064 autem
1293 1028 1389 1065 sunt
1412 1024 1568 1065 sanitas
1593 1028 1632 1064 et
1656 1023 1755 1076 eyri·

194 1092 301 1140 tudo,
331 1102 406 1139 que
432 1092 529 1128 sunt
548 1089 720 1139 propria
748 1093 787 1128 et
809 1090 949 1139 prima
976 1088 1251 1143 medicatiue.]

323 1154 414 1194 VII.
453 1154 557 1194 Dico
580 1154 706 1206 iyitur
730 1168 812 1194 esse
835 1154 1072 1194 medicatiue
1092 1155 1251 1205 primas
1276 1155 1435 1205 quidem
1460 1159 1496 1195 et
1512 1155 1700 1205 proprias
1720 1157 1756 1194 et

195 1219 369 1259 maxime
377 1222 516 1270 partes
530 1219 637 1268 illas,
654 1219 768 1272 (per)
784 1232 884 1268 quas
897 1220 1011 1259 nobis
1027 1220 1193 1259 aduenit
1211 1220 1307 1268 finis
1327 1221 1441 1269 artis,
1459 1220 1537 1260 alie
1549 1233 1639 1259 vero
1657 1222 1757 1259 sunt

195 1288 231 1325 et
259 1284 339 1325 hiis
362 1283 596 1335 superiores.
644 1283 784 1324 Prime
804 1283 965 1335 quidem
982 1284 1110 1336 iyitur
1130 1287 1166 1324 et
1177 1285 1364 1335 proxime
1384 1288 1439 1325 tot
1456 1288 1554 1325 sunt
1576 1297 1755 1334 numero,
1779 1298 1845 1329 255

195 1354 288 1400 quot
306 1353 403 1389 sunt
422 1349 646 1400 differentie
654 1350 976 1400 propriissime†
988 1351 1180 1390 medicine
1201 1351 1306 1390 eius:
1314 1351 1604 1401 propriissima
1624 1353 1757 1390 autem

195 1418 223 1467 †
237 1414 437 1456 medicina
456 1414 693 1455 medicatiue
714 1417 771 1456 est
785 1414 1105 1470 dispositione(s)
1121 1415 1247 1456 nostri
1262 1416 1448 1469 corporis,
1468 1416 1555 1457 siue
1570 1418 1649 1457 due
1661 1418 1759 1456 sunt

196 1481 339 1532 [sicut]
357 1481 578 1520 secundum
601 1493 729 1531 yenus
753 1480 842 1520 siue
863 1485 944 1522 tres
967 1481 1055 1521 siue
1075 1482 1230 1532 plures.
1277 1482 1550 1521 Monstratum
1575 1482 1682 1521 enim
1702 1484 1759 1520 est

191 1560 267 1598 per
294 1559 423 1586 unum
454 1545 615 1597 librum,
644 1546 714 1596 qui
743 1548 796 1586 ad
822 1539 1083 1587 Trasibulum
1109 1546 1355 1599 intitulatur,
1391 1547 1580 1598 quoniam
1607 1547 1760 1598 duplex

198 1616 256 1651 est
283 1612 421 1661 prima
456 1611 690 1663 differentia
722 1612 1030 1663 dispositionum
1069 1613 1277 1653 nominata
1309 1613 1493 1663 propriis
1531 1613 1760 1652 nominibus
1783 1622 1849 1654 260

198 1677 395 1716 alterutra
415 1677 462 1716 ab
482 1676 682 1717 vniuersis
701 1677 941 1728 hominibus,
970 1691 1146 1728 quarum
1165 1678 1323 1728 quidem
1352 1678 1523 1718 alteram
1546 1678 1762 1719 sanitatem

198 1742 405 1782 nominare
438 1745 494 1782 est
524 1742 638 1782 nobis
670 1745 924 1793 consuetudo,
969 1744 1139 1783 alteram
1176 1756 1267 1783 vero
1301 1744 1557 1795 eyritudines.
1615 1743 1762 1784 Alteri-

198 1807 333 1847 utrius
364 1820 456 1848 vero
489 1821 634 1848 rursus
667 1821 806 1848 earum
838 1808 989 1859 species
1021 1812 1119 1849 sunt
1153 1809 1354 1860 duplices:
1386 1822 1471 1849 una
1498 1809 1657 1859 quidem
1690 1812 1761 1859 est,

330 1931 399 1962 242
411 1929 723 1971 perseinspectihnis
745 1931 778 1963 et
798 1929 973 1970 histor-im
994 1941 1061 1972 qua
1082 1931 1120 1963 in
1141 1941 1187 1972 re,
1210 1940 1277 1963 non
1297 1930 1404 1963 instat
1426 1931 1461 1963 Β
1547 1932 1612 1963 244
1632 1929 1763 1971 suffici-

199 1985 291 2016 enter
319 1993 359 2015 -n
369 1999 376 2005 ·
402 1986 571 2016 ostenswm
586 1984 643 2016 hoc
657 1986 706 2016 est
721 1984 756 2016 Β
831 1986 898 2017 244
906 1994 969 2026 per
982 1983 1033 2025 sel
1041 1985 1350 2026 perseinspectionis
1364 1985 1398 2017 Β
1471 1986 1538 2016 244
1552 1984 1762 2026 coqnoscebat

199 2037 381 2070 secumdum
394 2036 452 2070 hoc
465 2037 500 2071 B
586 2039 652 2071 245
673 2037 733 2071 ille
747 2039 779 2071 et
792 2038 827 2072 B
913 2039 980 2072 246
1002 2048 1119 2072 earum
1139 2039 1198 2080 qui
1211 2037 1244 2070 A
1266 2048 1379 2072 eorum
1394 2048 1476 2080 quae
1491 2040 1714 2079 assequuntur
1726 2037 1764 2071 B

199 2093 267 2124 246
288 2092 464 2125 dictionem
486 2093 571 2131 AB:
603 2095 685 2125 etwa
714 2093 899 2126 ductionem
921 2092 1109 2133 (ἀγωγῆν)Ρ
1143 2094 1216 2126 Der
1238 2094 1320 2125 Satz
1340 2093 1386 2126 ist
1414 2092 1518 2125 durch
1540 2091 1765 2134 Wortausfall

200 2146 348 2179 verderbt
492 2148 561 2180 247
580 2148 640 2188 qui
661 2149 710 2180 est
733 2148 768 2181 B
919 2150 987 2181 248
1008 2148 1177 2190 empiricis
1191 2148 1225 2181 B
1367 2149 1544 2181 250-252
1563 2147 1644 2188 fehlt
1666 2147 1705 2180 in
1727 2146 1765 2180 Β

201 2202 266 2233 254
282 2210 348 2242 per
366 2210 450 2242 quas
465 2201 499 2233 Β
596 2203 662 2234 256
682 2202 915 2244 propiissimae
936 2203 969 2235 B
1061 2204 1128 2235 256
1149 2200 1328 2241 medicine]
1349 2211 1429 2234 man
1451 2203 1602 2234 erwartet
1623 2201 1765 2234 materie
1804 2236 1807 2239 ,

200 2256 268 2287 257
288 2253 472 2295 medicina]
492 2265 575 2288 man
597 2257 749 2289 erwartet
770 2257 913 2289 materia
998 2258 1066 2289 257
1087 2258 1134 2289 est
1155 2258 1196 2289 ut
1217 2256 1442 2298 dispositiones
1462 2255 1553 2288 noris
1567 2255 1716 2297 corporis
1728 2255 1766 2289 Β

201 2310 267 2342 259
288 2320 332 2342 zu
354 2311 399 2342 ad
422 2310 637 2343 Trasibuluon
660 2321 716 2343 am
737 2311 875 2344 Rande:
896 2312 958 2344 al’s
980 2312 1020 2344 de
1041 2311 1167 2352 optima
1191 2311 1296 2343 heresi
1317 2311 1348 2342 A
1466 2311 1532 2342 259
1553 2311 1599 2342 ad
1619 2311 1764 2352 Thrasy-

203 2363 318 2395 bul-vm
340 2364 537 2396 inscribitur
559 2364 594 2396 Β
713 2366 779 2397 259
799 2364 972 2405 quoniam]
993 2365 1081 2405 quod
1101 2365 1135 2397 B
1253 2365 1318 2395 261
1341 2364 1486 2396 alteutra
1507 2364 1540 2395 A
1563 2365 1707 2404 utraque
1728 2363 1766 2396 B

201 2417 271 2450 262
289 2417 511 2460 egritudinem
532 2418 567 2451 Β
695 2420 765 2452 262
783 2419 961 2461 Utriusque
981 2429 1056 2453 vero
1079 2419 1114 2452 Β

334 2527 400 2561 242
421 2528 443 2568 ἡ
464 2529 523 2559 τοῦ
547 2527 660 2568 ὁμοίου
683 2527 859 2567 μετάβασις
1046 2526 1111 2560 242
1132 2527 1302 2567 ῑσοκρατὲς
1325 2525 1421 2567 (oder
1443 2527 1656 2566 ἰσοδυναμοῦν
1682 2524 1767 2559 oder

203 2583 400 2623 ἰσοσθινὲςῗ)
423 2584 491 2614 ἐστι
514 2584 626 2623 μόριον
799 2583 863 2616 247
885 2583 952 2622 ἐγὼ
975 2583 1021 2621 δέ,
1050 2582 1120 2612 {rtet
1142 2582 1180 2611 σὺ
1201 2582 1260 2621 τὴν
1283 2580 1321 2612 δι’
1346 2582 1511 2619 ἐνδείξεως
1533 2582 1591 2612 καὶ
1618 2581 1768 2620 μεθόδου

203 2637 286 2674 πρὸς
312 2638 355 2668 τὰ
383 2639 518 2668 τοιαῦτα
545 2637 666 2676 ἔφοδον
693 2636 894 2679 γιγνώσκεις,
928 2636 1034 2676 ἀρχὴν
1060 2639 1106 2676 τῷ
1133 2635 1224 2676 λόγῳ
1257 2636 1438 2676 παρόμοιον
1471 2638 1540 2674 τοῖς
1567 2636 1768 2676 tumet-otc

204 2691 371 2732 τιθὲμινος
393 2693 445 2724 ἐπὶ
466 2694 508 2724 τὰ
529 2693 671 2733 ἐχόμενα
693 2694 750 2723 τοῦ
772 2692 876 2732 λόγου
899 2692 1121 2732 μεταβήσομαι
1207 2692 1270 2725 261
1295 2691 1417 2732 ὑγίειαν
1512 2691 1577 2725 262
1599 2691 1770 2732 νοσήματα

204 2746 270 2779 263
285 2747 355 2786 εἴδη
434 2747 500 2780 263
513 2746 549 2777 ἓν
565 2748 620 2786 μὲν
638 2748 705 2778 ἐστι
719 2747 756 2776 τὸ
771 2744 851 2776 καθ’
868 2745 929 2783 ἕξιν
945 2747 979 2776 ἐν
993 2746 1138 2784 ἑκατέρᾳ
1153 2745 1308 2784 διαθέσει,
1325 2745 1436 2785 ἕτερον
1451 2746 1487 2777 δὲ
1501 2746 1539 2776 τὸ
1553 2746 1643 2776 κατὰ
1658 2745 1771 2786 σχάσιν

270 2820 420 2853 senune,
437 2821 560 2847 Galenus
577 2821 611 2847 de
628 2823 697 2853 part
714 2820 785 2847 med.
1593 2811 1614 2844 3
