<?xml version="1.0" encoding="UTF-8"?>
<!DOCTYPE html PUBLIC "-//W3C//DTD XHTML 1.0 Transitional//EN"
    "http://www.w3.org/TR/xhtml1/DTD/xhtml1-transitional.dtd">
<html xmlns="http://www.w3.org/1999/xhtml" xml:lang="en" lang="en">
 <head>
  <title>
</title>
<meta http-equiv="Content-Type" content="text/html;charset=utf-8" />
  <meta name='ocr-system' content='tesseract 3.04.00' />
  <meta name='ocr-capabilities' content='ocr_page ocr_carea ocr_par ocr_line ocrx_word'/>
</head>
<body>
  <div class='ocr_page' id='page_1' title='image "./4737902_0016.png"; bbox 0 0 1980 3118; ppageno 0'>
   <div class='ocr_carea' id='block_1_1' title="bbox 846 171 1090 208">
    <p class='ocr_par' dir='ltr' id='par_1_1' title="bbox 846 171 1090 208">
     <span class='ocr_line' id='line_1_1' title="bbox 846 171 1090 208; baseline 0.004 -12"><span class='ocrx_word' id='word_1_1' title='bbox 846 171 1090 208; x_wconf 76' lang='lat'>—10-</span> 
     </span>
    </p>
   </div>
   <div class='ocr_carea' id='block_1_2' title="bbox 285 297 1754 404">
    <p class='ocr_par' dir='ltr' id='par_1_2' title="bbox 285 297 1754 404">
     <span class='ocr_line' id='line_1_2' title="bbox 285 297 1754 348; baseline -0.001 -11"><span class='ocrx_word' id='word_1_2' title='bbox 285 297 536 347; x_wconf 88' lang='lat' dir='ltr'><em>paruitalem</em></span> <span class='ocrx_word' id='word_1_3' title='bbox 575 299 645 337; x_wconf 87' lang='lat' dir='ltr'><em>sed</em></span> <span class='ocrx_word' id='word_1_4' title='bbox 685 297 905 337; x_wconf 76' lang='lat' dir='ltr'><em>utilitatem</em></span> <span class='ocrx_word' id='word_1_5' title='bbox 941 298 1242 348; x_wconf 87' lang='lat' dir='ltr'><em>prouenientem</em></span> <span class='ocrx_word' id='word_1_6' title='bbox 1284 298 1440 347; x_wconf 76' lang='lat' dir='ltr'><em>exinde,</em></span> <span class='ocrx_word' id='word_1_7' title='bbox 1474 300 1600 347; x_wconf 87' lang='lat' dir='ltr'><em>prout</em></span> <span class='ocrx_word' id='word_1_8' title='bbox 1634 299 1754 347; x_wconf 87' lang='lat' dir='ltr'><em>decet,</em></span> 
     </span>
     <span class='ocr_line' id='line_1_3' title="bbox 291 363 559 404; baseline 0.004 -2"><span class='ocrx_word' id='word_1_9' title='bbox 291 363 559 404; x_wconf 77' lang='lat' dir='ltr'><em>consideretis,</em></span> 
     </span>
    </p>
   </div>
   <div class='ocr_carea' id='block_1_3' title="bbox 314 440 1755 492">
    <p class='ocr_par' dir='ltr' id='par_1_3' title="bbox 314 440 1755 492">
     <span class='ocr_line' id='line_1_4' title="bbox 314 440 1755 492; baseline 0 -13"><span class='ocrx_word' id='word_1_10' title='bbox 314 440 383 490; x_wconf 83' lang='lat'><em>21)</em></span> <span class='ocrx_word' id='word_1_11' title='bbox 427 445 453 480; x_wconf 86' lang='lat' dir='ltr'><em>t.</em></span> <span class='ocrx_word' id='word_1_12' title='bbox 482 440 523 479; x_wconf 93' lang='lat' dir='ltr'><em>II</em></span> <span class='ocrx_word' id='word_1_13' title='bbox 565 441 632 479; x_wconf 88' lang='lat' dir='ltr'><strong>fol.</strong></span> <span class='ocrx_word' id='word_1_14' title='bbox 663 441 767 480; x_wconf 73' lang='grc' dir='ltr'><em>207ν</em></span> <span class='ocrx_word' id='word_1_15' title='bbox 801 441 852 480; x_wconf 84' lang='lat' dir='ltr'><em>ad</em></span> <span class='ocrx_word' id='word_1_16' title='bbox 893 440 1079 481; x_wconf 82' lang='lat' dir='ltr'><em>cesarem</em></span> <span class='ocrx_word' id='word_1_17' title='bbox 1120 442 1170 481; x_wconf 80' lang='lat' dir='ltr'><em>de</em></span> <span class='ocrx_word' id='word_1_18' title='bbox 1210 440 1554 482; x_wconf 82' lang='lat' dir='ltr'><em>commoditatibus</em></span> <span class='ocrx_word' id='word_1_19' title='bbox 1596 441 1755 492; x_wconf 77' lang='lat' dir='ltr'><em>tyriace.</em></span> 
     </span>
    </p>
   </div>
   <div class='ocr_carea' id='block_1_4' title="bbox 181 504 1757 624">
    <p class='ocr_par' dir='ltr' id='par_1_4' title="bbox 181 504 1757 624">
     <span class='ocr_line' id='line_1_5' title="bbox 182 504 1757 559; baseline -0.001 -14"><span class='ocrx_word' id='word_1_20' title='bbox 182 506 480 558; x_wconf 84' lang='lat' dir='ltr'><em>Subskription:</em></span> <span class='ocrx_word' id='word_1_21' title='bbox 524 507 761 556; x_wconf 83' lang='lat' dir='ltr'><em>„translatus</em></span> <span class='ocrx_word' id='word_1_22' title='bbox 790 520 814 546; x_wconf 85' lang='lat' dir='ltr'><em>a</em></span> <span class='ocrx_word' id='word_1_23' title='bbox 842 508 1032 559; x_wconf 81' lang='lat' dir='ltr'><em>magistro</em></span> <span class='ocrx_word' id='word_1_24' title='bbox 1061 507 1224 547; x_wconf 84' lang='lat' dir='ltr'><em>Nicolao</em></span> <span class='ocrx_word' id='word_1_25' title='bbox 1254 508 1303 547; x_wconf 84' lang='lat' dir='ltr'><em>de</em></span> <span class='ocrx_word' id='word_1_26' title='bbox 1332 507 1459 558; x_wconf 85' lang='lat' dir='ltr'><em>Regio</em></span> <span class='ocrx_word' id='word_1_27' title='bbox 1495 507 1544 545; x_wconf 87' lang='lat' dir='ltr'><em>de</em></span> <span class='ocrx_word' id='word_1_28' title='bbox 1573 504 1757 545; x_wconf 82' lang='lat' dir='ltr'><em>Calabria</em></span> 
     </span>
     <span class='ocr_line' id='line_1_6' title="bbox 181 570 866 624; baseline 0.001 -14"><span class='ocrx_word' id='word_1_29' title='bbox 181 577 221 610; x_wconf 86' lang='lat' dir='ltr'><em>et</em></span> <span class='ocrx_word' id='word_1_30' title='bbox 249 571 486 623; x_wconf 82' lang='lat' dir='ltr'><em>capitulatus</em></span> <span class='ocrx_word' id='word_1_31' title='bbox 515 572 636 610; x_wconf 82' lang='lat' dir='ltr'><em>etiam</em></span> <span class='ocrx_word' id='word_1_32' title='bbox 665 572 715 611; x_wconf 86' lang='lat' dir='ltr'><em>ab</em></span> <span class='ocrx_word' id='word_1_33' title='bbox 744 570 866 624; x_wconf 85' lang='lat' dir='ltr'><em>ipso.‘&#39;‘</em></span> 
     </span>
    </p>
   </div>
   <div class='ocr_carea' id='block_1_5' title="bbox 181 647 1757 767">
    <p class='ocr_par' dir='ltr' id='par_1_5' title="bbox 181 647 1757 767">
     <span class='ocr_line' id='line_1_7' title="bbox 314 647 1757 714; baseline 0.001 -28"><span class='ocrx_word' id='word_1_34' title='bbox 314 647 386 697; x_wconf 82' lang='lat'><em>22)</em></span> <span class='ocrx_word' id='word_1_35' title='bbox 415 652 442 686; x_wconf 88' lang='lat' dir='ltr'><em>t.</em></span> <span class='ocrx_word' id='word_1_36' title='bbox 463 648 505 687; x_wconf 94' lang='lat' dir='ltr'><em>II</em></span> <span class='ocrx_word' id='word_1_37' title='bbox 530 648 597 687; x_wconf 88' lang='lat' dir='ltr'><strong>fol.</strong></span> <span class='ocrx_word' id='word_1_38' title='bbox 621 650 722 687; x_wconf 68' lang='lat'><em>2091</em></span> <span class='ocrx_word' id='word_1_39' title='bbox 747 649 797 688; x_wconf 87' lang='lat' dir='ltr'><em>de</em></span> <span class='ocrx_word' id='word_1_40' title='bbox 821 649 991 688; x_wconf 85' lang='lat' dir='ltr'><em>utilitate</em></span> <span class='ocrx_word' id='word_1_41' title='bbox 1010 650 1295 714; x_wconf 53' lang='lat' dir='ltr'><em>particularum</em></span> <span class='ocrx_word' id='word_1_42' title='bbox 1314 649 1405 688; x_wconf 85' lang='lat' dir='ltr'><em>libri</em></span> <span class='ocrx_word' id='word_1_43' title='bbox 1424 649 1543 688; x_wconf 91' lang='lat' dir='ltr'><strong>XVII</strong></span> <span class='ocrx_word' id='word_1_44' title='bbox 1568 649 1638 698; x_wconf 74' lang='lat' dir='ltr'><em>(z</em></span> <span class='ocrx_word' id='word_1_45' title='bbox 1659 648 1757 700; x_wconf 86' lang='grc' dir='ltr'><strong>Περὶ</strong></span> 
     </span>
     <span class='ocr_line' id='line_1_8' title="bbox 181 713 1682 767; baseline 0.001 -15"><span class='ocrx_word' id='word_1_46' title='bbox 181 713 318 765; x_wconf 82' lang='grc' dir='ltr'><strong>χρείας</strong></span> <span class='ocrx_word' id='word_1_47' title='bbox 349 714 493 765; x_wconf 82' lang='grc' dir='ltr'>μορίων</span> <span class='ocrx_word' id='word_1_48' title='bbox 522 714 583 753; x_wconf 93' lang='lat' dir='ltr'><em>III</em></span> <span class='ocrx_word' id='word_1_49' title='bbox 616 716 635 753; x_wconf 89' lang='lat'>1</span> <span class='ocrx_word' id='word_1_50' title='bbox 666 714 819 765; x_wconf 78' lang='lat' dir='ltr'><em>Kuhn).</em></span> <span class='ocrx_word' id='word_1_51' title='bbox 877 714 962 754; x_wconf 85' lang='lat' dir='ltr'><em>Der</em></span> <span class='ocrx_word' id='word_1_52' title='bbox 990 715 1137 767; x_wconf 86' lang='lat' dir='ltr'><em>Prolog</em></span> <span class='ocrx_word' id='word_1_53' title='bbox 1165 716 1235 755; x_wconf 82' lang='lat' dir='ltr'><em>des</em></span> <span class='ocrx_word' id='word_1_54' title='bbox 1264 715 1515 755; x_wconf 84' lang='lat' dir='ltr'><em>Ubersetzers</em></span> <span class='ocrx_word' id='word_1_55' title='bbox 1543 715 1682 753; x_wconf 82' lang='lat' dir='ltr'><em>lautet:</em></span> 
     </span>
    </p>
   </div>
   <div class='ocr_carea' id='block_1_6' title="bbox 288 793 1763 2283">
    <p class='ocr_par' dir='ltr' id='par_1_6' title="bbox 288 793 1763 2283">
     <span class='ocr_line' id='line_1_9' title="bbox 384 793 1759 845; baseline 0 -13"><span class='ocrx_word' id='word_1_56' title='bbox 384 793 516 842; x_wconf 76' lang='lat' dir='ltr'><em>„Quia</em></span> <span class='ocrx_word' id='word_1_57' title='bbox 551 794 648 833; x_wconf 84' lang='lat' dir='ltr'><em>liber</em></span> <span class='ocrx_word' id='word_1_58' title='bbox 688 794 816 834; x_wconf 80' lang='lat' dir='ltr'><em>Galie.</em></span> <span class='ocrx_word' id='word_1_59' title='bbox 856 796 904 834; x_wconf 90' lang='lat' dir='ltr'><em>de</em></span> <span class='ocrx_word' id='word_1_60' title='bbox 942 794 1117 834; x_wconf 86' lang='lat' dir='ltr'><em>utilitate</em></span> <span class='ocrx_word' id='word_1_61' title='bbox 1146 794 1462 845; x_wconf 89' lang='lat' dir='ltr'><em>particularum,</em></span> <span class='ocrx_word' id='word_1_62' title='bbox 1503 794 1572 843; x_wconf 81' lang='lat' dir='ltr'><em>qui</em></span> <span class='ocrx_word' id='word_1_63' title='bbox 1608 793 1759 833; x_wconf 81' lang='lat' dir='ltr'><em>dicitur</em></span> 
     </span>
     <span class='ocr_line' id='line_1_10' title="bbox 293 859 1759 911; baseline 0 -14"><span class='ocrx_word' id='word_1_64' title='bbox 293 861 341 898; x_wconf 90' lang='lat' dir='ltr'><em>de</em></span> <span class='ocrx_word' id='word_1_65' title='bbox 370 859 618 898; x_wconf 87' lang='lat' dir='ltr'><em>iuuamentis</em></span> <span class='ocrx_word' id='word_1_66' title='bbox 645 861 924 911; x_wconf 87' lang='lat' dir='ltr'><em>membrorum,</em></span> <span class='ocrx_word' id='word_1_67' title='bbox 955 861 1174 900; x_wconf 77' lang='lat' dir='ltr'><em>consistens</em></span> <span class='ocrx_word' id='word_1_68' title='bbox 1202 861 1247 899; x_wconf 87' lang='lat' dir='ltr'><em>in</em></span> <span class='ocrx_word' id='word_1_69' title='bbox 1275 862 1406 899; x_wconf 82' lang='lat' dir='ltr'><em>decem</em></span> <span class='ocrx_word' id='word_1_70' title='bbox 1429 863 1467 898; x_wconf 91' lang='lat' dir='ltr'><em>et</em></span> <span class='ocrx_word' id='word_1_71' title='bbox 1490 862 1637 909; x_wconf 77' lang='lat' dir='ltr'><em>septem</em></span> <span class='ocrx_word' id='word_1_72' title='bbox 1658 862 1759 898; x_wconf 88' lang='lat' dir='ltr'><em>trac-</em></span> 
     </span>
     <span class='ocr_line' id='line_1_11' title="bbox 293 923 1757 977; baseline 0 -15"><span class='ocrx_word' id='word_1_73' title='bbox 293 924 443 963; x_wconf 89' lang='lat' dir='ltr'><em>tatibus</em></span> <span class='ocrx_word' id='word_1_74' title='bbox 471 926 693 963; x_wconf 91' lang='lat' dir='ltr'><em>secundum</em></span> <span class='ocrx_word' id='word_1_75' title='bbox 724 924 898 964; x_wconf 81' lang='lat' dir='ltr'><em>litteram</em></span> <span class='ocrx_word' id='word_1_76' title='bbox 925 938 1095 977; x_wconf 78' lang='lat' dir='ltr'><em>9recam,</em></span> <span class='ocrx_word' id='word_1_77' title='bbox 1126 938 1207 965; x_wconf 88' lang='lat' dir='ltr'><em>non</em></span> <span class='ocrx_word' id='word_1_78' title='bbox 1235 925 1318 965; x_wconf 90' lang='lat' dir='ltr'><em>nisi</em></span> <span class='ocrx_word' id='word_1_79' title='bbox 1342 938 1469 974; x_wconf 78' lang='lat' dir='ltr'><em>usque</em></span> <span class='ocrx_word' id='word_1_80' title='bbox 1488 926 1542 964; x_wconf 90' lang='lat' dir='ltr'><em>ad</em></span> <span class='ocrx_word' id='word_1_81' title='bbox 1560 923 1757 964; x_wconf 91' lang='lat' dir='ltr'><em>decimum</em></span> 
     </span>
     <span class='ocr_line' id='line_1_12' title="bbox 294 989 1757 1042; baseline 0.001 -15"><span class='ocrx_word' id='word_1_82' title='bbox 294 990 338 1027; x_wconf 91' lang='lat' dir='ltr'><em>in</em></span> <span class='ocrx_word' id='word_1_83' title='bbox 368 989 494 1029; x_wconf 89' lang='lat' dir='ltr'><em>latino</em></span> <span class='ocrx_word' id='word_1_84' title='bbox 522 990 721 1041; x_wconf 77' lang='lat' dir='ltr'><em>ydiomate</em></span> <span class='ocrx_word' id='word_1_85' title='bbox 750 991 982 1042; x_wconf 80' lang='lat' dir='ltr'><em>habebatur,</em></span> <span class='ocrx_word' id='word_1_86' title='bbox 1013 1005 1095 1030; x_wconf 89' lang='lat' dir='ltr'><em>non</em></span> <span class='ocrx_word' id='word_1_87' title='bbox 1122 995 1257 1030; x_wconf 90' lang='lat' dir='ltr'><em>tamen</em></span> <span class='ocrx_word' id='word_1_88' title='bbox 1285 991 1330 1029; x_wconf 91' lang='lat' dir='ltr'><em>in</em></span> <span class='ocrx_word' id='word_1_89' title='bbox 1361 991 1460 1030; x_wconf 90' lang='lat' dir='ltr'><em>bona</em></span> <span class='ocrx_word' id='word_1_90' title='bbox 1481 990 1757 1038; x_wconf 85' lang='lat' dir='ltr'><em>translatione,</em></span> 
     </span>
     <span class='ocr_line' id='line_1_13' title="bbox 292 1054 1758 1107; baseline 0.001 -15"><span class='ocrx_word' id='word_1_91' title='bbox 292 1056 363 1093; x_wconf 88' lang='lat' dir='ltr'><em>sed</em></span> <span class='ocrx_word' id='word_1_92' title='bbox 391 1054 528 1094; x_wconf 78' lang='lat' dir='ltr'><em>habita</em></span> <span class='ocrx_word' id='word_1_93' title='bbox 559 1068 607 1094; x_wconf 73' lang='lat' dir='ltr'><em>ex</em></span> <span class='ocrx_word' id='word_1_94' title='bbox 642 1055 811 1106; x_wconf 88' lang='lat' dir='ltr'><em>arabico,</em></span> <span class='ocrx_word' id='word_1_95' title='bbox 848 1069 923 1105; x_wconf 81' lang='lat' dir='ltr'><em>que</em></span> <span class='ocrx_word' id='word_1_96' title='bbox 959 1058 1055 1096; x_wconf 90' lang='lat' dir='ltr'><em>adeo</em></span> <span class='ocrx_word' id='word_1_97' title='bbox 1090 1060 1177 1096; x_wconf 89' lang='lat' dir='ltr'><em>erat</em></span> <span class='ocrx_word' id='word_1_98' title='bbox 1211 1056 1448 1107; x_wconf 82' lang='lat' dir='ltr'><em>defectuosa,</em></span> <span class='ocrx_word' id='word_1_99' title='bbox 1490 1055 1589 1106; x_wconf 80' lang='lat' dir='ltr'><em>quin</em></span> <span class='ocrx_word' id='word_1_100' title='bbox 1618 1054 1758 1105; x_wconf 88' lang='lat' dir='ltr'><em>potius</em></span> 
     </span>
     <span class='ocr_line' id='line_1_14' title="bbox 294 1121 1758 1172; baseline -0.001 -13"><span class='ocrx_word' id='word_1_101' title='bbox 294 1121 562 1170; x_wconf 89' lang='lat' dir='ltr'><em>incompeteus</em></span> <span class='ocrx_word' id='word_1_102' title='bbox 601 1122 881 1171; x_wconf 76' lang='lat' dir='ltr'><em>compendium</em></span> <span class='ocrx_word' id='word_1_103' title='bbox 921 1135 993 1161; x_wconf 91' lang='lat' dir='ltr'><em>seu</em></span> <span class='ocrx_word' id='word_1_104' title='bbox 1028 1122 1231 1172; x_wconf 73' lang='lat' dir='ltr'><em>extractio,</em></span> <span class='ocrx_word' id='word_1_105' title='bbox 1267 1135 1390 1171; x_wconf 80' lang='lat' dir='ltr'><em>quum</em></span> <span class='ocrx_word' id='word_1_106' title='bbox 1424 1121 1555 1170; x_wconf 79' lang='lat' dir='ltr'><em>fidelis</em></span> <span class='ocrx_word' id='word_1_107' title='bbox 1590 1123 1626 1159; x_wconf 92' lang='lat' dir='ltr'><em>et</em></span> <span class='ocrx_word' id='word_1_108' title='bbox 1660 1133 1758 1159; x_wconf 89' lang='lat' dir='ltr'><em>com-</em></span> 
     </span>
     <span class='ocr_line' id='line_1_15' title="bbox 288 1185 1760 1239; baseline 0 -14"><span class='ocrx_word' id='word_1_109' title='bbox 288 1186 403 1236; x_wconf 90' lang='lat' dir='ltr'><em>pleta</em></span> <span class='ocrx_word' id='word_1_110' title='bbox 437 1187 651 1226; x_wconf 83' lang='lat' dir='ltr'><em>translatio</em></span> <span class='ocrx_word' id='word_1_111' title='bbox 689 1190 936 1227; x_wconf 84' lang='lat' dir='ltr'><em>censeretur:</em></span> <span class='ocrx_word' id='word_1_112' title='bbox 969 1188 1054 1239; x_wconf 84' lang='lat' dir='ltr'><em>Vos,</em></span> <span class='ocrx_word' id='word_1_113' title='bbox 1093 1187 1245 1238; x_wconf 79' lang='lat' dir='ltr'><em>famose</em></span> <span class='ocrx_word' id='word_1_114' title='bbox 1278 1187 1351 1237; x_wconf 78' lang='lat' dir='ltr'><em>vir,</em></span> <span class='ocrx_word' id='word_1_115' title='bbox 1392 1187 1581 1238; x_wconf 72' lang='lat' dir='ltr'><em>mayister</em></span> <span class='ocrx_word' id='word_1_116' title='bbox 1613 1185 1760 1225; x_wconf 89' lang='lat' dir='ltr'><em>Jacobe</em></span> 
     </span>
     <span class='ocr_line' id='line_1_16' title="bbox 294 1251 1760 1303; baseline -0.001 -14"><span class='ocrx_word' id='word_1_117' title='bbox 294 1252 447 1300; x_wconf 83' lang='lat' dir='ltr'><em>Pipine</em></span> <span class='ocrx_word' id='word_1_118' title='bbox 481 1253 529 1290; x_wconf 92' lang='lat' dir='ltr'><em>de</em></span> <span class='ocrx_word' id='word_1_119' title='bbox 562 1253 811 1301; x_wconf 81' lang='lat' dir='ltr'><em>Brundusio,</em></span> <span class='ocrx_word' id='word_1_120' title='bbox 845 1254 1009 1292; x_wconf 84' lang='lat' dir='ltr'><em>scientie</em></span> <span class='ocrx_word' id='word_1_121' title='bbox 1043 1253 1297 1292; x_wconf 87' lang='lat' dir='ltr'><em>medicinalis</em></span> <span class='ocrx_word' id='word_1_122' title='bbox 1320 1253 1525 1303; x_wconf 80' lang='lat' dir='ltr'><em>professor</em></span> <span class='ocrx_word' id='word_1_123' title='bbox 1553 1255 1590 1290; x_wconf 90' lang='lat' dir='ltr'><em>et</em></span> <span class='ocrx_word' id='word_1_124' title='bbox 1618 1251 1760 1302; x_wconf 79' lang='lat' dir='ltr'><em>inclyti</em></span> 
     </span>
     <span class='ocr_line' id='line_1_17' title="bbox 295 1315 1757 1368; baseline -0.001 -13"><span class='ocrx_word' id='word_1_125' title='bbox 295 1320 331 1355; x_wconf 91' lang='lat' dir='ltr'><em>et</em></span> <span class='ocrx_word' id='word_1_126' title='bbox 361 1317 582 1356; x_wconf 92' lang='lat' dir='ltr'><em>communis</em></span> <span class='ocrx_word' id='word_1_127' title='bbox 611 1317 774 1358; x_wconf 91' lang='lat' dir='ltr'><em>domini.</em></span> <span class='ocrx_word' id='word_1_128' title='bbox 806 1318 844 1359; x_wconf 92' lang='lat' dir='ltr'><em>d.</em></span> <span class='ocrx_word' id='word_1_129' title='bbox 873 1317 1073 1368; x_wconf 80' lang='lat' dir='ltr'><em>Philippi,</em></span> <span class='ocrx_word' id='word_1_130' title='bbox 1096 1317 1302 1368; x_wconf 88' lang='lat' dir='ltr'><em>principis</em></span> <span class='ocrx_word' id='word_1_131' title='bbox 1330 1316 1552 1365; x_wconf 87' lang='lat' dir='ltr'><em>Tarentini,</em></span> <span class='ocrx_word' id='word_1_132' title='bbox 1582 1315 1757 1367; x_wconf 78' lang='lat' dir='ltr'><em>physice,</em></span> 
     </span>
     <span class='ocr_line' id='line_1_18' title="bbox 295 1382 1759 1434; baseline -0.002 -13"><span class='ocrx_word' id='word_1_133' title='bbox 295 1383 365 1431; x_wconf 78' lang='lat' dir='ltr'><em>qui</em></span> <span class='ocrx_word' id='word_1_134' title='bbox 386 1383 502 1422; x_wconf 87' lang='lat' dir='ltr'><em>avido</em></span> <span class='ocrx_word' id='word_1_135' title='bbox 523 1382 722 1434; x_wconf 79' lang='lat' dir='ltr'><em>affectatis</em></span> <span class='ocrx_word' id='word_1_136' title='bbox 743 1384 876 1423; x_wconf 90' lang='lat' dir='ltr'><em>animo</em></span> <span class='ocrx_word' id='word_1_137' title='bbox 889 1397 968 1433; x_wconf 89' lang='lat' dir='ltr'><em>pro</em></span> <span class='ocrx_word' id='word_1_138' title='bbox 982 1397 1101 1434; x_wconf 87' lang='lat' dir='ltr'><em>posse</em></span> <span class='ocrx_word' id='word_1_139' title='bbox 1121 1384 1240 1423; x_wconf 93' lang='lat' dir='ltr'><em>libros</em></span> <span class='ocrx_word' id='word_1_140' title='bbox 1260 1383 1435 1433; x_wconf 79' lang='lat' dir='ltr'><em>Galieni‚</em></span> <span class='ocrx_word' id='word_1_141' title='bbox 1465 1382 1535 1432; x_wconf 79' lang='lat' dir='ltr'><em>qui</em></span> <span class='ocrx_word' id='word_1_142' title='bbox 1554 1382 1759 1431; x_wconf 78' lang='lat' dir='ltr'><em>hucusque</em></span> 
     </span>
     <span class='ocr_line' id='line_1_19' title="bbox 295 1447 1760 1498; baseline -0.001 -12"><span class='ocrx_word' id='word_1_143' title='bbox 295 1461 376 1487; x_wconf 93' lang='lat' dir='ltr'><em>non</em></span> <span class='ocrx_word' id='word_1_144' title='bbox 403 1452 679 1497; x_wconf 85' lang='lat' dir='ltr'><em>pervenerunt</em></span> <span class='ocrx_word' id='word_1_145' title='bbox 714 1451 826 1498; x_wconf 90' lang='lat' dir='ltr'><em>apud</em></span> <span class='ocrx_word' id='word_1_146' title='bbox 859 1449 1030 1488; x_wconf 85' lang='lat' dir='ltr'><em>Latinos</em></span> <span class='ocrx_word' id='word_1_147' title='bbox 1071 1453 1143 1489; x_wconf 89' lang='lat' dir='ltr'><em>aut</em></span> <span class='ocrx_word' id='word_1_148' title='bbox 1176 1448 1301 1488; x_wconf 86' lang='lat' dir='ltr'><em>habiti</em></span> <span class='ocrx_word' id='word_1_149' title='bbox 1335 1451 1431 1487; x_wconf 91' lang='lat' dir='ltr'><em>sunt</em></span> <span class='ocrx_word' id='word_1_150' title='bbox 1466 1461 1546 1486; x_wconf 90' lang='lat' dir='ltr'><em>non</em></span> <span class='ocrx_word' id='word_1_151' title='bbox 1580 1447 1624 1485; x_wconf 93' lang='lat' dir='ltr'><em>in</em></span> <span class='ocrx_word' id='word_1_152' title='bbox 1662 1459 1760 1485; x_wconf 90' lang='lat' dir='ltr'><em>com-</em></span> 
     </span>
     <span class='ocr_line' id='line_1_20' title="bbox 289 1512 1761 1562; baseline -0.001 -11"><span class='ocrx_word' id='word_1_153' title='bbox 289 1513 445 1561; x_wconf 90' lang='lat' dir='ltr'><em>petenti</em></span> <span class='ocrx_word' id='word_1_154' title='bbox 475 1514 751 1562; x_wconf 88' lang='lat' dir='ltr'><em>translatione,</em></span> <span class='ocrx_word' id='word_1_155' title='bbox 782 1514 877 1552; x_wconf 85' lang='lat' dir='ltr'><em>bene</em></span> <span class='ocrx_word' id='word_1_156' title='bbox 905 1515 1123 1553; x_wconf 90' lang='lat' dir='ltr'><em>translatos</em></span> <span class='ocrx_word' id='word_1_157' title='bbox 1149 1517 1185 1552; x_wconf 91' lang='lat' dir='ltr'><em>et</em></span> <span class='ocrx_word' id='word_1_158' title='bbox 1203 1513 1389 1552; x_wconf 85' lang='lat' dir='ltr'><em>imedia-te</em></span> <span class='ocrx_word' id='word_1_159' title='bbox 1408 1514 1457 1551; x_wconf 88' lang='lat' dir='ltr'><em>de</em></span> <span class='ocrx_word' id='word_1_160' title='bbox 1477 1512 1618 1561; x_wconf 73' lang='lat' dir='ltr'><em>linqua</em></span> <span class='ocrx_word' id='word_1_161' title='bbox 1643 1523 1761 1560; x_wconf 75' lang='lat' dir='ltr'><em>yreca</em></span> 
     </span>
     <span class='ocr_line' id='line_1_21' title="bbox 297 1576 1762 1630; baseline -0.002 -14"><span class='ocrx_word' id='word_1_162' title='bbox 297 1577 452 1628; x_wconf 79' lang='lat' dir='ltr'><em>habere,</em></span> <span class='ocrx_word' id='word_1_163' title='bbox 492 1580 753 1630; x_wconf 78' lang='lat' dir='ltr'><em>consyderata</em></span> <span class='ocrx_word' id='word_1_164' title='bbox 781 1579 985 1628; x_wconf 89' lang='lat' dir='ltr'><em>presentis</em></span> <span class='ocrx_word' id='word_1_165' title='bbox 1021 1579 1113 1618; x_wconf 88' lang='lat' dir='ltr'><em>libri</em></span> <span class='ocrx_word' id='word_1_166' title='bbox 1147 1578 1322 1618; x_wconf 90' lang='lat' dir='ltr'><em>utilitate</em></span> <span class='ocrx_word' id='word_1_167' title='bbox 1355 1590 1430 1628; x_wconf 92' lang='lat' dir='ltr'><em>me,</em></span> <span class='ocrx_word' id='word_1_168' title='bbox 1463 1576 1678 1616; x_wconf 91' lang='lat' dir='ltr'><em>Nicolaum</em></span> <span class='ocrx_word' id='word_1_169' title='bbox 1713 1576 1762 1614; x_wconf 93' lang='lat' dir='ltr'><em>de</em></span> 
     </span>
     <span class='ocr_line' id='line_1_22' title="bbox 295 1642 1763 1694; baseline -0.002 -12"><span class='ocrx_word' id='word_1_170' title='bbox 295 1643 424 1694; x_wconf 73' lang='lat' dir='ltr'><em>Reyio</em></span> <span class='ocrx_word' id='word_1_171' title='bbox 464 1646 512 1682; x_wconf 91' lang='lat' dir='ltr'><em>de</em></span> <span class='ocrx_word' id='word_1_172' title='bbox 551 1644 753 1690; x_wconf 83' lang='lat' dir='ltr'><em>Calabria,</em></span> <span class='ocrx_word' id='word_1_173' title='bbox 798 1645 1010 1694; x_wconf 87' lang='lat' dir='ltr'><em>medicum,</em></span> <span class='ocrx_word' id='word_1_174' title='bbox 1055 1657 1146 1683; x_wconf 89' lang='lat' dir='ltr'><em>cum</em></span> <span class='ocrx_word' id='word_1_175' title='bbox 1182 1643 1381 1683; x_wconf 85' lang='lat' dir='ltr'><em>instantia</em></span> <span class='ocrx_word' id='word_1_176' title='bbox 1418 1642 1684 1691; x_wconf 79' lang='lat' dir='ltr'><em>requisivistis</em></span> <span class='ocrx_word' id='word_1_177' title='bbox 1726 1644 1763 1679; x_wconf 91' lang='lat' dir='ltr'><em>et</em></span> 
     </span>
     <span class='ocr_line' id='line_1_23' title="bbox 296 1706 1761 1760; baseline -0.002 -13"><span class='ocrx_word' id='word_1_178' title='bbox 296 1708 523 1759; x_wconf 86' lang='lat' dir='ltr'><em>monuistis,</em></span> <span class='ocrx_word' id='word_1_179' title='bbox 559 1712 604 1748; x_wconf 90' lang='lat' dir='ltr'><em>ut</em></span> <span class='ocrx_word' id='word_1_180' title='bbox 638 1709 773 1759; x_wconf 84' lang='lat' dir='ltr'><em>ipsum</em></span> <span class='ocrx_word' id='word_1_181' title='bbox 804 1723 828 1749; x_wconf 92' lang='lat' dir='ltr'><em>a</em></span> <span class='ocrx_word' id='word_1_182' title='bbox 856 1709 1063 1760; x_wconf 89' lang='lat' dir='ltr'><em>principio</em></span> <span class='ocrx_word' id='word_1_183' title='bbox 1099 1722 1226 1758; x_wconf 83' lang='lat' dir='ltr'><em>usqu-e</em></span> <span class='ocrx_word' id='word_1_184' title='bbox 1261 1709 1313 1748; x_wconf 90' lang='lat' dir='ltr'><em>ad</em></span> <span class='ocrx_word' id='word_1_185' title='bbox 1346 1708 1465 1757; x_wconf 81' lang='lat' dir='ltr'><em>finem</em></span> <span class='ocrx_word' id='word_1_186' title='bbox 1500 1706 1761 1757; x_wconf 86' lang='lat' dir='ltr'><em>transferrem</em></span> 
     </span>
     <span class='ocr_line' id='line_1_24' title="bbox 296 1771 1762 1825; baseline -0.002 -12"><span class='ocrx_word' id='word_1_187' title='bbox 296 1771 404 1813; x_wconf 81' lang='lat' dir='ltr'><em>vobis</em></span> <span class='ocrx_word' id='word_1_188' title='bbox 438 1776 487 1813; x_wconf 91' lang='lat' dir='ltr'><em>de</em></span> <span class='ocrx_word' id='word_1_189' title='bbox 524 1788 636 1824; x_wconf 71' lang='lat' dir='ltr'><em>yreco</em></span> <span class='ocrx_word' id='word_1_190' title='bbox 675 1776 876 1825; x_wconf 77' lang='lat' dir='ltr'><em>ydiomate</em></span> <span class='ocrx_word' id='word_1_191' title='bbox 914 1775 960 1814; x_wconf 89' lang='lat' dir='ltr'><em>in</em></span> <span class='ocrx_word' id='word_1_192' title='bbox 1001 1775 1185 1814; x_wconf 91' lang='lat' dir='ltr'><em>latinum.</em></span> <span class='ocrx_word' id='word_1_193' title='bbox 1244 1774 1330 1824; x_wconf 75' lang='lat' dir='ltr'><em>qu</em></span> <span class='ocrx_word' id='word_1_194' title='bbox 1365 1787 1465 1822; x_wconf 83' lang='lat' dir='ltr'><em>vero,</em></span> <span class='ocrx_word' id='word_1_195' title='bbox 1501 1786 1591 1812; x_wconf 85' lang='lat' dir='ltr'><em>cum</em></span> <span class='ocrx_word' id='word_1_196' title='bbox 1626 1776 1762 1811; x_wconf 88' lang='lat' dir='ltr'><em>tenear</em></span> 
     </span>
     <span class='ocr_line' id='line_1_25' title="bbox 296 1838 1762 1890; baseline -0.001 -13"><span class='ocrx_word' id='word_1_197' title='bbox 296 1842 381 1877; x_wconf 88' lang='lat' dir='ltr'><em>tum</em></span> <span class='ocrx_word' id='word_1_198' title='bbox 403 1842 572 1890; x_wconf 84' lang='lat' dir='ltr'><em>propter</em></span> <span class='ocrx_word' id='word_1_199' title='bbox 593 1840 925 1890; x_wconf 74' lang='lat' dir='ltr'><em>propayationem</em></span> <span class='ocrx_word' id='word_1_200' title='bbox 954 1839 1132 1879; x_wconf 89' lang='lat' dir='ltr'><em>doctrine</em></span> <span class='ocrx_word' id='word_1_201' title='bbox 1159 1838 1413 1878; x_wconf 89' lang='lat' dir='ltr'><em>medicinalis</em></span> <span class='ocrx_word' id='word_1_202' title='bbox 1441 1838 1486 1877; x_wconf 92' lang='lat' dir='ltr'><em>in</em></span> <span class='ocrx_word' id='word_1_203' title='bbox 1515 1850 1574 1884; x_wconf 88' lang='lat' dir='ltr'><em>me</em></span> <span class='ocrx_word' id='word_1_204' title='bbox 1593 1849 1672 1886; x_wconf 89' lang='lat' dir='ltr'><em>per</em></span> <span class='ocrx_word' id='word_1_205' title='bbox 1695 1848 1762 1876; x_wconf 87' lang='lat' dir='ltr'><em>vos</em></span> 
     </span>
     <span class='ocr_line' id='line_1_26' title="bbox 295 1902 1763 1955; baseline -0.003 -12"><span class='ocrx_word' id='word_1_206' title='bbox 295 1905 459 1954; x_wconf 86' lang='lat' dir='ltr'><em>factam⁷</em></span> <span class='ocrx_word' id='word_1_207' title='bbox 503 1908 590 1943; x_wconf 89' lang='lat' dir='ltr'><em>tum</em></span> <span class='ocrx_word' id='word_1_208' title='bbox 629 1908 665 1943; x_wconf 89' lang='lat' dir='ltr'><em>et</em></span> <span class='ocrx_word' id='word_1_209' title='bbox 696 1908 863 1955; x_wconf 85' lang='lat' dir='ltr'><em>propter</em></span> <span class='ocrx_word' id='word_1_210' title='bbox 899 1905 1052 1944; x_wconf 88' lang='lat' dir='ltr'><em>imensa</em></span> <span class='ocrx_word' id='word_1_211' title='bbox 1092 1905 1351 1953; x_wconf 83' lang='lat' dir='ltr'><em>multipharie</em></span> <span class='ocrx_word' id='word_1_212' title='bbox 1391 1903 1578 1951; x_wconf 75' lang='lat' dir='ltr'><em>beneficia</em></span> <span class='ocrx_word' id='word_1_213' title='bbox 1616 1902 1763 1940; x_wconf 87' lang='lat' dir='ltr'><em>servire</em></span> 
     </span>
     <span class='ocr_line' id='line_1_27' title="bbox 290 1965 1762 2020; baseline -0.002 -12"><span class='ocrx_word' id='word_1_214' title='bbox 290 1969 591 2020; x_wconf 89' lang='lat' dir='ltr'><em>promptissime</em></span> <span class='ocrx_word' id='word_1_215' title='bbox 631 1970 738 2010; x_wconf 84' lang='lat' dir='ltr'><em>vobis</em></span> <span class='ocrx_word' id='word_1_216' title='bbox 777 1973 813 2009; x_wconf 90' lang='lat' dir='ltr'><em>et</em></span> <span class='ocrx_word' id='word_1_217' title='bbox 852 1970 1017 2019; x_wconf 89' lang='lat' dir='ltr'><em>obedire,</em></span> <span class='ocrx_word' id='word_1_218' title='bbox 1057 1970 1193 2020; x_wconf 89' lang='lat' dir='ltr'><em>ipsum</em></span> <span class='ocrx_word' id='word_1_219' title='bbox 1234 1969 1379 2009; x_wconf 88' lang='lat' dir='ltr'><em>librum</em></span> <span class='ocrx_word' id='word_1_220' title='bbox 1421 1967 1616 2008; x_wconf 90' lang='lat' dir='ltr'><em>transtuli</em></span> <span class='ocrx_word' id='word_1_221' title='bbox 1654 1965 1762 2006; x_wconf 88' lang='lat' dir='ltr'><em>vobis</em></span> 
     </span>
     <span class='ocr_line' id='line_1_28' title="bbox 296 2031 1762 2084; baseline -0.003 -11"><span class='ocrx_word' id='word_1_222' title='bbox 296 2035 544 2083; x_wconf 54' lang='lat' dir='ltr'><em>fidelitemet</em></span> <span class='ocrx_word' id='word_1_223' title='bbox 581 2036 630 2072; x_wconf 88' lang='lat' dir='ltr'><em>de</em></span> <span class='ocrx_word' id='word_1_224' title='bbox 667 2035 781 2074; x_wconf 84' lang='lat' dir='ltr'><em>verbo</em></span> <span class='ocrx_word' id='word_1_225' title='bbox 822 2037 875 2073; x_wconf 91' lang='lat' dir='ltr'><em>ad</em></span> <span class='ocrx_word' id='word_1_226' title='bbox 913 2036 1087 2084; x_wconf 79' lang='lat' dir='ltr'><em>verbum,</em></span> <span class='ocrx_word' id='word_1_227' title='bbox 1130 2034 1234 2073; x_wconf 82' lang='lat' dir='ltr'><em>nihil</em></span> <span class='ocrx_word' id='word_1_228' title='bbox 1271 2034 1435 2083; x_wconf 88' lang='lat' dir='ltr'><em>addens,</em></span> <span class='ocrx_word' id='word_1_229' title='bbox 1474 2033 1663 2071; x_wconf 89' lang='lat' dir='ltr'><em>minuens</em></span> <span class='ocrx_word' id='word_1_230' title='bbox 1700 2031 1762 2069; x_wconf 86' lang='lat' dir='ltr'><em>vel</em></span> 
     </span>
     <span class='ocr_line' id='line_1_29' title="bbox 290 2097 1763 2150; baseline -0.001 -12"><span class='ocrx_word' id='word_1_231' title='bbox 290 2103 544 2149; x_wconf 84' lang='lat' dir='ltr'><em>permutans.</em></span> <span class='ocrx_word' id='word_1_232' title='bbox 602 2100 657 2139; x_wconf 86' lang='lat' dir='ltr'><em>In</em></span> <span class='ocrx_word' id='word_1_233' title='bbox 684 2101 766 2149; x_wconf 80' lang='lat' dir='ltr'><em>sine</em></span> <span class='ocrx_word' id='word_1_234' title='bbox 795 2104 927 2140; x_wconf 88' lang='lat' dir='ltr'><em>autem</em></span> <span class='ocrx_word' id='word_1_235' title='bbox 956 2101 1078 2140; x_wconf 89' lang='lat' dir='ltr'><em>totius</em></span> <span class='ocrx_word' id='word_1_236' title='bbox 1100 2101 1192 2140; x_wconf 88' lang='lat' dir='ltr'><em>libri</em></span> <span class='ocrx_word' id='word_1_237' title='bbox 1211 2100 1415 2150; x_wconf 85' lang='lat' dir='ltr'><em>vocabula,</em></span> <span class='ocrx_word' id='word_1_238' title='bbox 1447 2099 1585 2149; x_wconf 80' lang='lat' dir='ltr'><em>quein</em></span> <span class='ocrx_word' id='word_1_239' title='bbox 1603 2097 1763 2148; x_wconf 74' lang='lat' dir='ltr'><em>sinqulo</em></span> 
     </span>
     <span class='ocr_line' id='line_1_30' title="bbox 292 2163 1763 2216; baseline -0.002 -12"><span class='ocrx_word' id='word_1_240' title='bbox 292 2165 568 2214; x_wconf 86' lang='lat' dir='ltr'><em>predictorum</em></span> <span class='ocrx_word' id='word_1_241' title='bbox 597 2167 731 2204; x_wconf 87' lang='lat' dir='ltr'><em>decem</em></span> <span class='ocrx_word' id='word_1_242' title='bbox 760 2169 797 2204; x_wconf 90' lang='lat' dir='ltr'><em>et</em></span> <span class='ocrx_word' id='word_1_243' title='bbox 821 2169 969 2215; x_wconf 87' lang='lat' dir='ltr'><em>septem</em></span> <span class='ocrx_word' id='word_1_244' title='bbox 994 2168 1241 2205; x_wconf 85' lang='lat' dir='ltr'><em>tractatuum</em></span> <span class='ocrx_word' id='word_1_245' title='bbox 1262 2164 1535 2216; x_wconf 86' lang='lat' dir='ltr'><em>reperiuntur,</em></span> <span class='ocrx_word' id='word_1_246' title='bbox 1556 2166 1603 2203; x_wconf 92' lang='lat' dir='ltr'><em>ut</em></span> <span class='ocrx_word' id='word_1_247' title='bbox 1627 2163 1763 2202; x_wconf 91' lang='lat' dir='ltr'><em>incon-</em></span> 
     </span>
     <span class='ocr_line' id='line_1_31' title="bbox 298 2230 1486 2283; baseline 0.001 -12"><span class='ocrx_word' id='word_1_248' title='bbox 298 2234 411 2271; x_wconf 84' lang='lat' dir='ltr'><em>sueta</em></span> <span class='ocrx_word' id='word_1_249' title='bbox 441 2245 530 2270; x_wconf 88' lang='lat' dir='ltr'><em>cum</em></span> <span class='ocrx_word' id='word_1_250' title='bbox 561 2245 694 2271; x_wconf 83' lang='lat' dir='ltr'><em>eorum</em></span> <span class='ocrx_word' id='word_1_251' title='bbox 724 2231 1040 2282; x_wconf 62' lang='lat' dir='ltr'><em>conpositionibus</em></span> <span class='ocrx_word' id='word_1_252' title='bbox 1070 2231 1241 2283; x_wconf 87' lang='lat' dir='ltr'><em>apposui</em></span> <span class='ocrx_word' id='word_1_253' title='bbox 1269 2230 1486 2272; x_wconf 82' lang='lat' dir='ltr'><em>seriatim.“</em></span> 
     </span>
    </p>
   </div>
   <div class='ocr_carea' id='block_1_7' title="bbox 187 2304 1765 2707">
    <p class='ocr_par' dir='ltr' id='par_1_7' title="bbox 187 2304 1765 2479">
     <span class='ocr_line' id='line_1_32' title="bbox 322 2304 1764 2360; baseline -0.001 -13"><span class='ocrx_word' id='word_1_254' title='bbox 322 2309 617 2360; x_wconf 83' lang='lat' dir='ltr'><em>Subskription:</em></span> <span class='ocrx_word' id='word_1_255' title='bbox 663 2310 900 2358; x_wconf 82' lang='lat' dir='ltr'><em>„translatus</em></span> <span class='ocrx_word' id='word_1_256' title='bbox 934 2310 983 2348; x_wconf 87' lang='lat' dir='ltr'><em>de</em></span> <span class='ocrx_word' id='word_1_257' title='bbox 1023 2322 1141 2360; x_wconf 85' lang='lat' dir='ltr'><em>greco</em></span> <span class='ocrx_word' id='word_1_258' title='bbox 1183 2309 1225 2347; x_wconf 92' lang='lat' dir='ltr'><em>in</em></span> <span class='ocrx_word' id='word_1_259' title='bbox 1258 2304 1426 2347; x_wconf 71' lang='lat' dir='ltr'><em>latinum</em></span> <span class='ocrx_word' id='word_1_260' title='bbox 1460 2321 1484 2347; x_wconf 86' lang='lat' dir='ltr'><em>a</em></span> <span class='ocrx_word' id='word_1_261' title='bbox 1516 2307 1679 2347; x_wconf 87' lang='lat' dir='ltr'><em>Nicolao</em></span> <span class='ocrx_word' id='word_1_262' title='bbox 1714 2307 1764 2345; x_wconf 85' lang='lat' dir='ltr'><em>de</em></span> 
     </span>
     <span class='ocr_line' id='line_1_33' title="bbox 188 2373 1765 2427; baseline -0.001 -13"><span class='ocrx_word' id='word_1_263' title='bbox 188 2375 316 2427; x_wconf 83' lang='lat' dir='ltr'><em>Regio</em></span> <span class='ocrx_word' id='word_1_264' title='bbox 352 2375 401 2413; x_wconf 84' lang='lat' dir='ltr'><em>de</em></span> <span class='ocrx_word' id='word_1_265' title='bbox 431 2373 618 2414; x_wconf 84' lang='lat' dir='ltr'><em>Calabria</em></span> <span class='ocrx_word' id='word_1_266' title='bbox 653 2388 756 2413; x_wconf 87' lang='lat' dir='ltr'><em>anno</em></span> <span class='ocrx_word' id='word_1_267' title='bbox 791 2376 941 2414; x_wconf 92' lang='lat' dir='ltr'><em>domini</em></span> <span class='ocrx_word' id='word_1_268' title='bbox 975 2374 1241 2414; x_wconf 82' lang='lat' dir='ltr'><strong>MOOOXVII</strong></span> <span class='ocrx_word' id='word_1_269' title='bbox 1278 2374 1341 2413; x_wconf 82' lang='lat' dir='ltr'><em>die</em></span> <span class='ocrx_word' id='word_1_270' title='bbox 1370 2375 1587 2426; x_wconf 87' lang='lat' dir='ltr'><em>penultimo</em></span> <span class='ocrx_word' id='word_1_271' title='bbox 1618 2374 1765 2412; x_wconf 80' lang='lat' dir='ltr'><em>mensis</em></span> 
     </span>
     <span class='ocr_line' id='line_1_34' title="bbox 187 2439 1487 2479; baseline -0.005 0"><span class='ocrx_word' id='word_1_272' title='bbox 187 2440 319 2479; x_wconf 85' lang='lat' dir='ltr'><em>Martii</em></span> <span class='ocrx_word' id='word_1_273' title='bbox 348 2439 427 2478; x_wconf 88' lang='lat' dir='ltr'><em>XV</em></span> <span class='ocrx_word' id='word_1_274' title='bbox 455 2440 719 2479; x_wconf 89' lang='lat' dir='ltr'><em>indictionis.“</em></span> <span class='ocrx_word' id='word_1_275' title='bbox 1485 2471 1487 2473; x_wconf 81' lang='grc'>.</span> 
     </span>
    </p>

    <p class='ocr_par' dir='ltr' id='par_1_8' title="bbox 189 2521 1765 2707">
     <span class='ocr_line' id='line_1_35' title="bbox 321 2521 1762 2575; baseline 0 -15"><span class='ocrx_word' id='word_1_276' title='bbox 321 2522 393 2572; x_wconf 83' lang='lat'><em>23&gt;</em></span> <span class='ocrx_word' id='word_1_277' title='bbox 427 2526 453 2560; x_wconf 91' lang='lat' dir='ltr'><em>t.</em></span> <span class='ocrx_word' id='word_1_278' title='bbox 482 2521 522 2560; x_wconf 96' lang='lat' dir='ltr'><em>II</em></span> <span class='ocrx_word' id='word_1_279' title='bbox 557 2521 621 2560; x_wconf 89' lang='lat' dir='ltr'><strong>fol.</strong></span> <span class='ocrx_word' id='word_1_280' title='bbox 650 2523 752 2560; x_wconf 81' lang='lat' dir='ltr'><em>287r</em></span> <span class='ocrx_word' id='word_1_281' title='bbox 781 2522 830 2561; x_wconf 87' lang='lat' dir='ltr'><em>de</em></span> <span class='ocrx_word' id='word_1_282' title='bbox 863 2523 1038 2575; x_wconf 85' lang='lat' dir='ltr'><em>hystoria</em></span> <span class='ocrx_word' id='word_1_283' title='bbox 1071 2523 1395 2574; x_wconf 84' lang='lat' dir='ltr'><em>philosophorum</em></span> <span class='ocrx_word' id='word_1_284' title='bbox 1431 2521 1501 2572; x_wconf 72' lang='lat' dir='ltr'><em>(z</em></span> <span class='ocrx_word' id='word_1_285' title='bbox 1527 2522 1624 2574; x_wconf 87' lang='grc' dir='ltr'>Περὶ</span> <span class='ocrx_word' id='word_1_286' title='bbox 1657 2521 1762 2573; x_wconf 84' lang='grc' dir='ltr'>φιλο-</span> 
     </span>
     <span class='ocr_line' id='line_1_36' title="bbox 189 2585 1762 2640; baseline -0.003 -12"><span class='ocrx_word' id='word_1_287' title='bbox 189 2589 312 2640; x_wconf 79' lang='grc' dir='ltr'>σόφου</span> <span class='ocrx_word' id='word_1_288' title='bbox 343 2588 513 2640; x_wconf 85' lang='grc' dir='ltr'><strong>ἱστορίας</strong></span> <span class='ocrx_word' id='word_1_289' title='bbox 542 2587 644 2626; x_wconf 89' lang='grc' dir='ltr'><em>ΧΙΧ</em></span> <span class='ocrx_word' id='word_1_290' title='bbox 661 2589 740 2626; x_wconf 77' lang='grc'><em>’222</em></span> <span class='ocrx_word' id='word_1_291' title='bbox 770 2588 890 2627; x_wconf 77' lang='lat' dir='ltr'>Kfihn</span> <span class='ocrx_word' id='word_1_292' title='bbox 917 2604 967 2622; x_wconf 71' lang='lat' dir='ltr'><strong><em>z</em></strong></span> <span class='ocrx_word' id='word_1_293' title='bbox 989 2589 1248 2640; x_wconf 85' lang='lat' dir='ltr'><em>Doxographi</em></span> <span class='ocrx_word' id='word_1_294' title='bbox 1278 2588 1422 2627; x_wconf 78' lang='lat' dir='ltr'><em>Graeci</em></span> <span class='ocrx_word' id='word_1_295' title='bbox 1450 2602 1488 2640; x_wconf 91' lang='lat' dir='ltr'><em>p.</em></span> <span class='ocrx_word' id='word_1_296' title='bbox 1512 2588 1588 2627; x_wconf 85' lang='lat'><em>597</em></span> <span class='ocrx_word' id='word_1_297' title='bbox 1619 2585 1762 2635; x_wconf 81' lang='lat' dir='ltr'><em>Diels).</em></span> 
     </span>
     <span class='ocr_line' id='line_1_37' title="bbox 190 2652 1765 2707; baseline -0.003 -13"><span class='ocrx_word' id='word_1_298' title='bbox 190 2655 487 2707; x_wconf 84' lang='lat' dir='ltr'><em>Subskription:</em></span> <span class='ocrx_word' id='word_1_299' title='bbox 521 2654 716 2706; x_wconf 84' lang='lat' dir='ltr'><em>„Explicit</em></span> <span class='ocrx_word' id='word_1_300' title='bbox 734 2654 834 2693; x_wconf 88' lang='lat' dir='ltr'><em>liber</em></span> <span class='ocrx_word' id='word_1_301' title='bbox 854 2654 942 2695; x_wconf 80' lang='lat' dir='ltr'><strong>Gal.</strong></span> <span class='ocrx_word' id='word_1_302' title='bbox 969 2655 1018 2694; x_wconf 87' lang='lat' dir='ltr'><em>de</em></span> <span class='ocrx_word' id='word_1_303' title='bbox 1047 2655 1221 2707; x_wconf 87' lang='lat' dir='ltr'><em>hystoria</em></span> <span class='ocrx_word' id='word_1_304' title='bbox 1250 2654 1574 2706; x_wconf 85' lang='lat' dir='ltr'><em>philosophorum</em></span> <span class='ocrx_word' id='word_1_305' title='bbox 1604 2654 1687 2692; x_wconf 84' lang='lat' dir='ltr'><em>sive</em></span> <span class='ocrx_word' id='word_1_306' title='bbox 1716 2652 1765 2690; x_wconf 89' lang='lat' dir='ltr'><em>de</em></span> 
     </span>
    </p>
   </div>
  </div>
 </body>
</html>
