1980 3118
828 242 1069 279 -9-

276 368 408 420 ipsam
424 368 518 408 estis
536 368 648 419 fama
667 368 862 418 referente
874 370 1109 419 precipuus,
1131 373 1169 409 et
1187 370 1292 419 quod
1311 369 1571 409 desiderastis
1591 369 1732 408 habere

277 433 395 473 libros
421 433 583 472 Galieni
610 434 656 472 in
683 434 774 484 ipsa
801 434 969 474 scientia
997 435 1066 484 qui
1093 435 1272 474 nondum
1301 434 1499 474 habentur
1526 434 1570 473 in
1592 433 1732 484 linqua

276 498 417 547 latina,
438 505 516 548 pro
535 499 707 547 quodam
724 499 890 548 speciali
917 513 1078 538 munere
1106 503 1233 539 vestre
1253 499 1462 539 serenitati
1491 499 1734 547 transmisit,·

275 563 363 613 Eyo
381 563 577 603 Nicolaus
596 565 645 602 de
663 564 790 614 Reqio
815 564 990 604 medicus
1017 564 1150 613 fidelis
1179 568 1218 603 et
1244 565 1430 604 subditus
1459 567 1587 604 vester
1615 563 1732 603 iuxta

277 628 513 667 mandatum
555 632 729 668 vestrum
770 630 818 668 de
855 642 968 680 yreco
1009 629 1197 669 idiomate
1237 630 1283 669 in
1324 629 1498 668 latinum
1541 629 1733 668 transtuli

277 692 382 732 nihil
402 694 565 743 addens,
587 694 773 734 minuens
791 695 852 734 vel
864 698 1114 744 permutans.
1161 695 1324 743 Quanta
1344 698 1478 734 autem
1497 694 1552 733 sit
1569 694 1733 733 medicis

277 770 329 803 ex
357 757 444 809 ipso
470 758 638 808 utilitas,
667 772 748 799 non
775 760 936 810 expedit
955 760 1190 810 exprimere,
1221 773 1311 800 cum
1334 762 1477 811 pateat
1495 759 1735 809 quibuslibet

276 824 422 864 edoctis
459 824 504 864 in
537 825 768 865 medicinali
800 826 968 866 scientia
997 840 1022 866 a
1049 827 1135 866 sola
1168 827 1412 884 inspectione
1439 825 1571 871 ipsius
1602 826 1729 865 libri.‘·‘

299 891 595 944 Subskription:
627 923 635 930 .
659 924 667 931 .
689 924 697 932 .
724 907 864 945 „quem
893 894 1092 933 transtulit
1116 894 1304 946 magister
1321 893 1507 933 Nicolaus
1536 894 1585 932 de
1605 892 1733 945 Regio

165 956 216 995 de
246 956 431 996 Calabria
459 958 509 996 ad
536 959 764 1009 petitionem
794 960 917 1011 Regis
944 959 1148 998 Roberti.“

299 1022 575 1080 Subskription
618 1025 659 1062 in
703 1025 785 1063 cod.
822 1025 963 1064 Dresd.
1008 1026 1074 1063 lat.
1109 1025 1183 1063 DB
1219 1027 1282 1064 92.
1320 1025 1370 1064 93
1413 1025 1441 1063 f.
1464 1026 1568 1063 256v
1609 1025 1734 1062 lautet

166 1088 268 1126 nach
297 1088 368 1126 der
394 1089 458 1127 bei
487 1089 598 1128 Diels
624 1090 730 1138 (Hss.
757 1091 827 1129 der
855 1094 932 1129 ant.
953 1083 1071 1128 erte
1096 1090 1117 1128 I
1133 1090 1200 1139 98)
1230 1091 1525 1141 abgedruckten
1547 1090 1730 1141 Aug-abe:

168 1154 406 1203 „translatus
434 1167 458 1193 a
485 1154 676 1194 Nicholao
706 1156 754 1194 de
782 1155 909 1206 Regio
931 1186 939 1193 .
963 1186 972 1194 .
995 1186 1003 1194 .
1026 1169 1129 1194 anno
1159 1155 1225 1194 dffi
1253 1154 1594 1194 MOOOXXXV.“

301 1220 367 1267 19)
397 1224 423 1258 t.
459 1220 498 1258 II
536 1221 601 1259 fol.
642 1221 742 1260 193v
775 1222 824 1259 de
866 1221 983 1260 facile
1025 1220 1320 1272 acquisibilibus
1355 1220 1427 1271 (=
1447 1220 1559 1259 Buch
1587 1220 1628 1259 II
1662 1221 1733 1258 der

167 1285 316 1325 schrift
335 1285 432 1337 Περὶ
461 1287 697 1338 εὐπορίστων
726 1286 824 1326 XIV
844 1287 923 1326 390
942 1286 1075 1331 Kfihn‚
1107 1286 1228 1325 deren
1257 1286 1369 1325 Buch
1398 1287 1418 1325 Ι
1446 1287 1487 1325 in
1516 1287 1588 1325 der
1605 1277 1731 1325 Uber-

167 1355 330 1402 setzung
366 1350 495 1400 fehlt).
555 1352 849 1403 Subskription:
894 1352 1134 1400 „translatus
1174 1352 1223 1389 de
1262 1364 1379 1402 greco
1419 1353 1459 1390 in
1501 1352 1668 1390 latinum
1709 1364 1733 1389 a

167 1418 355 1469 magistro
385 1417 548 1457 Nicolao
578 1419 626 1457 de
655 1418 782 1470 Regio
811 1419 860 1458 de
889 1417 1114 1458 Calabria.“

300 1482 370 1534 20)
400 1487 425 1522 t.
446 1483 573 1523 11f01.
596 1485 702 1523 206γ
722 1484 770 1523 de
795 1485 945 1536 tyriaca
970 1484 1020 1523 ad
1039 1473 1303 1536 pamphylum
1323 1483 1394 1533 (=
1414 1483 1510 1536 Περὶ
1530 1484 1734 1535 &nomm

165 1552 260 1603 πρὸς
287 1550 556 1602 Παμφιλιανόν
591 1548 690 1589 XIV
724 1551 804 1589 295
834 1549 987 1600 Kfihn).
1046 1550 1322 1602 Subskription
1358 1550 1473 1598 fehlt3
1510 1550 1606 1589 aber
1642 1550 1734 1588 dass

164 1617 274 1655 diese
302 1607 573 1667 Ubersetzung
599 1629 678 1655 von
706 1616 893 1655 Nicolaus
921 1617 1106 1667 gemacht
1133 1616 1196 1664 ist,
1231 1617 1335 1667 zeigt
1367 1616 1437 1654 das
1466 1616 1734 1666 gemeinsame

165 1681 413 1734 prohemium
439 1681 686 1720 translatoris
711 1695 759 1720 zu
773 1680 842 1720 Nr.
860 1682 911 1720 20
927 1682 1008 1720 und
1024 1682 1088 1731 21,
1109 1682 1180 1721 das
1202 1681 1567 1733 folgendermassen
1591 1681 1733 1719 lautet:

366 1745 479 1794 „Viro
513 1745 795 1794 circumspecto
832 1749 868 1784 et
898 1745 1099 1796 physicali
1132 1759 1178 1784 ac
1212 1745 1444 1784 medicinali
1476 1744 1642 1783 scientia
1676 1757 1734 1782 re-

276 1809 415 1849 dimito
436 1809 627 1860 mayistro
647 1810 755 1849 Mar.
778 1811 826 1848 de
845 1809 1023 1849 Mantua
1041 1809 1237 1849 Nicolaus
1257 1811 1305 1848 de
1322 1809 1449 1860 Reqio
1478 1811 1527 1848 de
1546 1808 1734 1848 Calabria

274 1876 452 1915 medicus
490 1888 647 1926 semper
686 1876 781 1915 bene
820 1889 934 1926 ayere
973 1879 1008 1915 et
1046 1889 1087 1915 se
1126 1876 1179 1915 ad
1213 1878 1331 1926 yrata
1360 1878 1567 1925 paratum.
1626 1875 1734 1923 Quia

267 1940 447 1992 petiistis
476 1954 500 1980 a
528 1954 603 1990 me,
633 1944 679 1980 ut
709 1941 885 1980 libellum
906 1941 1009 1982 Gal!
1040 1942 1087 1981 de
1116 1941 1273 1989 tiriaca,
1303 1954 1379 1989 quo
1399 1940 1602 1989 hiwusque
1626 1943 1734 1979 caret

277 2006 418 2057 linqua
458 2007 598 2055 latina,
637 2006 742 2046 vobis
785 2006 1044 2057 transferrem
1086 2008 1135 2045 de
1172 2019 1284 2056 yreco
1326 2005 1524 2055 idiomate,
1569 2009 1653 2044 tum
1688 2008 1734 2044 ut

275 2076 441 2113 mentem
480 2072 612 2121 ipsius
652 2071 779 2111 G‘alie.
838 2072 886 2111 de
924 2072 1015 2122 ipsa
1054 2071 1199 2110 tiriaca
1240 2074 1276 2110 et
1313 2071 1398 2109 eius
1432 2070 1663 2110 dationibus
1698 2073 1733 2109 et

276 2137 577 2177 comoditatibus
611 2136 818 2187 haberetis,
856 2139 944 2175 tum
980 2136 1110 2186 etiam,
1149 2139 1196 2175 ut
1227 2149 1303 2186 per
1339 2148 1410 2174 nos
1449 2135 1597 2184 aliquis
1635 2135 1734 2175 liber

276 2203 438 2242 Galieni
466 2203 515 2241 de
542 2202 669 2252 mayis
698 2201 866 2241 utilibus
895 2203 1074 2241 nondum
1103 2202 1307 2250 hucusque
1334 2200 1480 2240 habitis
1510 2201 1734 2240 adiceretur

277 2268 413 2320 linque
440 2268 572 2317 latine,
600 2280 667 2319 eqo
692 2267 799 2307 vobis
823 2267 869 2306 in
888 2267 957 2306 lzoc
981 2267 1221 2318 complacere
1241 2267 1374 2306 volens
1393 2270 1587 2317 tanquam
1607 2267 1733 2308 amico

275 2333 415 2373 intimo
441 2337 479 2373 et
504 2336 697 2389 tanquam
720 2333 805 2372 viro
831 2332 991 2372 habenti
1016 2332 1206 2384 affectum
1231 2335 1267 2371 et
1292 2332 1473 2372 animum
1499 2345 1592 2383 erqa
1620 2332 1731 2382 bona,

273 2400 370 2451 quia
395 2399 590 2439 Galienus
613 2398 699 2448 ipse
725 2399 825 2438 duos
851 2398 1001 2438 libellos
1025 2398 1120 2448 fecit
1144 2399 1192 2437 de
1218 2398 1374 2447 tiriaca,
1400 2410 1528 2436 unum
1552 2397 1736 2436 videlieet

275 2467 328 2504 ad
353 2465 627 2515 Pamphilum,
653 2464 882 2515 principem
902 2464 1000 2504 Asie
1019 2468 1056 2503 et
1078 2464 1205 2515 Libie,
1237 2467 1275 2503 et
1304 2464 1432 2503 alium
1461 2465 1514 2503 ad
1538 2464 1732 2512 Cesarem,

273 2530 408 2568 virum
442 2532 621 2569 edoctum
657 2533 693 2568 et
725 2543 848 2569 suum
882 2530 1066 2578 amicum,
1104 2529 1213 2579 ipsos
1249 2529 1380 2568 ambos
1416 2529 1566 2568 libellos
1600 2532 1735 2568 nostro

274 2595 434 2634 nomine
464 2589 661 2635 >transtuli
696 2598 733 2634 et
766 2594 872 2634 vobis
906 2594 1018 2634 mitto
1052 2595 1105 2634 ad
1140 2607 1313 2644 presens,
1344 2597 1389 2633 ut
1417 2593 1520 2633 nihil
1548 2594 1657 2633 vobis
1686 2595 1734 2633 de

274 2663 402 2698 mente
443 2660 575 2710 ipsius
618 2659 779 2699 Galieni
821 2660 870 2698 de
905 2659 978 2699 hac
1021 2659 1190 2698 materia
1232 2660 1345 2698 desit.
1404 2659 1567 2698 Bonum
1609 2659 1736 2709 iqitur

276 2725 396 2765 amici
424 2729 538 2776 yrato
567 2725 701 2765 animo
729 2728 864 2775 utpote
893 2725 955 2764 vir
977 2725 1131 2774 probus
1157 2729 1192 2764 et
1218 2726 1375 2764 edoctus
1401 2724 1631 2774 accipiendo
1655 2737 1736 2763 non
