1980 3118
323 868 502 922 [Incipit
532 868 688 907 libellus
723 868 884 907 Galieni
917 870 966 907 de
992 868 1182 917 partibus
1217 869 1318 907 artis
1351 868 1590 907 medicatiue
1621 868 1758 917 factus

192 935 245 974 ad
258 932 493 984 petitionem
511 932 636 983 Justi,
666 933 736 983 qui
761 936 847 972 erat
863 933 909 972 in
932 936 1060 973 mente
1080 933 1345 983 perturbatus
1370 946 1446 983 pro
1466 946 1519 985 eo,
1550 934 1656 983 quod
1673 944 1757 973 non

191 998 448 1046 concorditer,
468 1000 537 1037 sed
556 998 709 1037 diverse
726 998 870 1037 medici
888 998 1119 1037 diuiserunt
1136 998 1267 1047 ipsam
1285 998 1583 1037 medicatiuam.
1617 998 1757 1037 Erunt

191 1065 324 1102 autem
353 1064 431 1101 due
461 1062 648 1102 doctrine.
695 1062 841 1102 Prima
875 1065 932 1102 est
959 1064 1008 1102 de
1040 1062 1238 1102 diuisione
1266 1062 1398 1112 ipsius
1431 1062 1668 1102 medieatiue
1695 1074 1755 1102 se-

191 1128 369 1167 eundum
399 1127 564 1178 aliquos,
594 1131 633 1166 et
660 1127 832 1167 continet
845 1129 925 1166 duo
953 1128 1145 1178 capitula.
1202 1128 1391 1166 Primum
1411 1131 1468 1167 est
1487 1128 1536 1167 de
1554 1127 1756 1167 diuisione
1777 1139 1800 1169 5

191 1191 430 1232 medieatiue
455 1193 678 1231 seeundum
706 1192 958 1243 doymaticos,
987 1192 1248 1244 improbando
1277 1194 1470 1242 quosdam
1497 1189 1672 1247 eorum]

319 1258 358 1297 I.
400 1258 466 1297 De
493 1258 681 1309 partibus
713 1258 965 1308 medicatiue,
1004 1259 1124 1299 Juste
1161 1259 1426 1308 dilectissime,
1469 1259 1753 1299 conuenienter

191 1324 289 1364 mihi
306 1323 455 1363 videris
479 1322 672 1371 dubitare,
702 1336 793 1363 eum
812 1323 887 1363 alii
907 1326 944 1363 et
961 1323 1035 1363 alii
1054 1323 1172 1364 aliter
1191 1337 1258 1364 eas
1280 1324 1543 1375 distinquant.
1593 1323 1752 1364 Audire

190 1403 363 1440 namque
396 1392 454 1429 est
487 1389 642 1438 aliquos
675 1389 835 1438 quidem
867 1389 913 1429 in
943 1389 1183 1439 sarmaciam
1217 1393 1255 1430 et
1288 1390 1506 1440 ciruryiam
1535 1394 1573 1430 et
1604 1390 1752 1430 dietam

190 1458 311 1495 totam
340 1457 464 1493 artem
497 1453 730 1503 incidentes,
765 1454 909 1493 deinde
940 1467 1087 1494 rursus
1119 1467 1444 1505 unamquamque
1471 1455 1753 1505 predictarum
1775 1466 1820 1498 10

189 1520 368 1570 partium
401 1518 643 1569 diuidentes,
677 1532 759 1559 non
791 1522 925 1560 tamen
958 1519 1194 1571 simpliciter
1227 1534 1369 1561 omnes.
1428 1520 1485 1561 Et
1519 1520 1675 1571 aliquos
1707 1519 1753 1560 in

190 1585 418 1641 curatiuam
454 1588 491 1624 et
527 1587 705 1624 vocatam
740 1585 991 1635 sanatiuam,·
1030 1585 1131 1625 alios
1173 1589 1318 1636 autem,
1361 1586 1431 1637 qui
1468 1588 1685 1637 deposcunt
1716 1588 1754 1626 et

187 1651 546 1701 preeustoditiuam
585 1650 648 1690 his
686 1650 794 1690 adici
829 1664 924 1690 mox
958 1651 1005 1690 in
1035 1652 1174 1702 prima
1210 1652 1422 1702 diuisione,
1462 1653 1568 1691 sieut
1603 1655 1643 1691 et
1681 1651 1755 1691 alii

189 1715 503 1767 resumptiuam;
545 1714 620 1755 alii
661 1717 797 1755 autem
832 1718 1025 1767 utrasque
1062 1716 1137 1757 has
1173 1719 1211 1756 et
1256 1729 1346 1757 eum
1388 1717 1477 1758 istis
1526 1716 1751 1757 euecticam.

189 1782 297 1821 Sunt
325 1784 459 1821 autem
486 1781 573 1830 alii,
607 1781 678 1829 qui
706 1784 743 1820 et
770 1781 1039 1821 ciroeomicam
1067 1782 1157 1821 siue
1188 1795 1332 1822 senum
1361 1783 1616 1822 educatiuam
1647 1782 1755 1821 sicut
1777 1793 1819 1824 15

182 1846 397 1898 propriam
416 1846 621 1896 quandam
631 1847 794 1896 partem
815 1845 917 1886 artis
936 1846 1119 1887 adiciunt
1135 1846 1331 1897 predictis
1336 1860 1351 1897 ;
1378 1847 1542 1898 quidam
1562 1850 1696 1888 autem
1714 1849 1753 1887 et

183 1912 482 1963 pedotrofieam,
502 1911 548 1950 id
566 1914 625 1951 est
642 1911 866 1962 infantium
883 1912 1193 1962 <edueatiuam),
1208 1913 1314 1953 sieut
1334 1916 1370 1952 et
1388 1913 1462 1952 alii
1481 1913 1753 1952 decoratiuam

189 1982 227 2018 et
255 1977 544 2029 distinyuentes
573 1990 658 2017 eam
687 1989 713 2016 a
740 1977 980 2019 commotiea.
1038 1977 1216 2027 Quidam
1244 1981 1386 2028 autem,
1417 1978 1592 2029 amplius
1620 1977 1753 2019 adhuc
1778 2001 1781 2003 ·

319 2079 406 2112 1—6
419 2078 506 2120 fehlt
515 2078 553 2110 in
564 2077 607 2117 Β,
624 2077 735 2110 ebenso
748 2077 860 2119 senten
873 2078 912 2111 in
924 2078 1044 2111 diesem
1054 2079 1176 2112 Druck
1187 2079 1240 2111 die
1250 2070 1493 2120 &beram-tm„
1504 2080 1564 2112 der
1577 2079 1752 2121 solymae„

188 2134 330 2176 Kapitel
463 2134 486 2164 3
509 2132 631 2165 diversi
652 2132 685 2164 A
823 2134 845 2165 6
865 2133 1088 2174 improbanda
1110 2134 1141 2166 A
1274 2135 1295 2166 9
1309 2134 1544 2175 pharmam'am
1567 2136 1598 2166 et
1622 2133 1752 2167 chirur-

184 2190 279 2231 9iam
301 2191 333 2221 et
355 2188 502 2221 diaetam
523 2187 558 2220 Β
692 2188 737 2219 13
751 2188 1060 2229 procustodiriuam
1083 2189 1115 2221 A
1132 2189 1414 2230 praeservativum
1434 2189 1469 2221 B
1606 2190 1648 2222 15
1669 2189 1753 2222 dro-

189 2244 348 2276 comicum
375 2241 408 2273 A
440 2240 569 2282 (ebenso
604 2241 729 2283 Subfiq.
764 2242 881 2283 empir.
917 2245 969 2284 42,
983 2244 1004 2275 6
1035 2243 1169 2275 Bonnet
1200 2242 1424 2283 uberliefert);
1452 2245 1690 2285 yerooomicam
1717 2243 1753 2278 Β

189 2299 234 2331 17
247 2296 472 2340 pederofi‘eam
498 2297 545 2330 ·i·
572 2296 763 2339 infantium
783 2296 871 2330 siout
892 2296 925 2328 A
945 2298 1218 2339 pedotrophicam
1240 2298 1278 2331 id
1304 2300 1352 2331 est
1378 2298 1565 2341 infantiwm
1592 2299 1680 2332 sicut
1701 2298 1756 2341 B,·

188 2353 296 2386 meina
316 2353 526 2393 Erydnzunq
548 2353 653 2384 stdtzt
673 2351 744 2384 sich
766 2351 835 2392 auf
850 2352 891 2384 Z.
908 2352 973 2383 193
1100 2354 1145 2385 18
1166 2355 1198 2385 et
1218 2353 1305 2394 fehlt
1326 2353 1364 2386 in
1386 2354 1420 2386 Β

318 2451 341 2483 8
364 2450 496 2481 ἀκούειν
526 2451 604 2488 γοῦν
633 2450 768 2487 πάρεστι
795 2450 875 2492 (vgl.
899 2448 970 2481 Ser.
992 2452 1071 2482 min.
1094 2449 1128 2481 II
1149 2460 1182 2492 p.
1202 2450 1315 2491 18,8f.
1338 2450 1474 2492 Mallor)
1503 2455 1596 2482 τινῶν
1614 2453 1677 2491 ,μὲν
1703 2452 1752 2489 εἰς

188 2506 396 2546 φαρμακείαν
409 2501 479 2535 ’καὶ
500 2504 709 2544 χειρουργίαν
726 2504 786 2535 καὶ
806 2505 930 2536 δίαιταν
946 2504 1004 2544 τὴν
1019 2504 1102 2545 ὅλην
1122 2505 1238 2546 τέχνην
1260 2506 1535 2546 κατατεμνόντων,
1559 2504 1629 2538 εἶτα
1651 2506 1750 2537 πάλιν

188 2559 223 2589 ἓν
267 2560 407 2590 ἕκαστον
453 2561 517 2589 τῶν
561 2559 803 2597 προειρημένων
848 2562 954 2598 μερῶν
1000 2560 1221 2598 διαιρούντων,
1271 2561 1309 2591 οὐ
1352 2561 1414 2600 μὴν
1463 2561 1574 2598 ἁπλῶς
1618 2563 1750 2591 πάντων

188 2613 231 2646 12
252 2613 291 2644 τὸ
313 2612 552 2651 θεραπευτικὸν
575 2613 633 2656 καὶ
647 2612 686 2643 τὸ
709 2612 914 2652 καλούμενον
939 2612 1075 2653 ὖγιεινόν
1165 2614 1208 2648 13
1231 2614 1268 2645 τὸ
1290 2614 1557 2655 προφυλακτικόν
1647 2615 1689 2648 14
1711 2614 1751 2646 τὸ

188 2668 410 2708 ἀναληπτικὸν
491 2697 494 2700 Δ
513 2668 557 2701 14
578 2668 616 2706 τὸ
640 2668 808 2698 εὐεκτικὸν
911 2668 953 2701 15
973 2669 1013 2699 τὸ
1036 2670 1259 2708 γηροκομικὸν
1368 2671 1411 2704 17
1433 2671 1471 2701 τὸ
1493 2671 1750 2709 παιδοτροφικόν

187 2721 229 2755 17
253 2721 291 2753 τὸ
312 2721 513 2762 κοσμητικόν
643 2721 686 2755 18
708 2721 772 2752 ἀπὸ
795 2723 852 2752 τοῦ
874 2724 1084 2762 κομμωτικοῦ
