1980 3118
828 210 1070 254 ÷31—

169 353 296 392 neque
325 342 431 379 certa
460 342 519 378 est
547 338 727 389 eqritudo
755 351 882 388 neque
914 339 1073 390 inteqra
1100 338 1268 378 sanitas.
1327 336 1504 386 Quidam
1534 338 1669 374 autem
1695 338 1733 374 et

163 404 459 456 pedotroficam,
487 404 532 442 id
560 408 626 443 est>
650 404 873 454 infantium
901 394 1170 452 educatiuam‚
1208 402 1456 441 nominatam
1489 400 1553 439 hic
1587 401 1730 450 locant,

168 471 354 519 dicentes,
391 470 496 518 quod
527 468 633 508 sicut
659 471 687 519 †
715 482 757 508 se
784 468 899 508 habet
926 481 1083 519 corpus,
1111 468 1172 508 ita
1199 467 1312 508 debet
1336 465 1551 517 prouidere
1582 478 1649 505 ars
1684 465 1732 504 de

167 534 383 589 vent<u>ris
411 531 749 586 dispositionibus.
797 535 943 574 Adhuc
972 538 1104 574 autem
1130 533 1204 574 alii
1232 533 1390 573 addunt
1414 532 1541 572 aliam
1558 534 1731 581 partem,
1756 543 1821 574 195

169 614 243 651 que
273 603 331 640 est
363 600 470 640 circa
498 600 696 650 euexiam,
733 613 808 650 que
839 603 1003 640 vocatur
1032 600 1081 639 ab
1116 598 1319 650 aliquibus
1352 598 1513 648 quidem
1548 597 1731 646 euectica‚

149 667 217 709 ,αὖ
260 666 462 715 aliquibus
501 668 633 704 autem
679 665 953 705 exercitastica
994 668 1030 704 et
1068 664 1279 716 qinastica,
1320 667 1367 703 ut
1404 663 1489 703 sint
1520 662 1656 713 prime
1696 665 1734 701 et

166 730 345 770 maxime
370 734 511 780 partes
550 731 651 770 artis
683 744 758 782 que
793 734 851 770 est
882 731 989 770 circa
1022 743 1185 780 corpus:
1224 729 1425 778 cumtiua,
1466 728 1732 778 resumptiua,

160 795 498 846 precustoditiua,
535 795 777 845 cirocomica‚
811 795 1034 845 infantium
1075 794 1300 843 educatiua,
1336 793 1510 833 euectica
1544 796 1580 832 et
1613 805 1732 832 sana-

133 874 137 877 ·
168 860 280 909 tiua;
307 859 453 909 quibus
480 873 624 900 rursus
652 860 710 900 sic
737 860 897 909 diuisis,
926 860 1031 899 sicut
1060 863 1152 900 ante
1180 859 1424 898 ostendimus
1452 857 1587 897 diuidi
1616 870 1732 897 cura·
1755 868 1821 899 :200

168 925 346 977 tiua(m>,
368 927 421 964 ad
439 925 759 975 simplicissimas
776 925 1065 978 perueni(un)t
1081 924 1335 975 differentias
1351 924 1634 963 theorematum
1656 935 1731 972 que

166 991 276 1030 velut
304 990 494 1030 elementa
521 991 690 1041 quedam
719 990 821 1031 artis
849 990 1094 1032 ostendimus
1122 989 1303 1031 existere.

298 1055 561 1110 [Capitulum
594 1057 826 1106 seeundum,
861 1056 907 1096 in
948 1069 1024 1106 quo
1058 1056 1177 1105 ponit
1219 1055 1452 1095 divisionem
1494 1055 1732 1094 medicatiue

166 1125 369 1171 sumptam
398 1135 423 1160 a
451 1122 661 1173 diuisione,
692 1135 766 1172 que
800 1122 1022 1162 attenditur
1051 1134 1170 1171 penes
1203 1120 1449 1171 operationes
1476 1133 1548 1159 seu
1580 1121 1729 1160 instru-

167 1190 301 1227 menta
334 1188 477 1227 medici
505 1188 705 1237 operantis
733 1188 840 1228 circa
874 1201 1016 1238 corpus
1049 1187 1285 1237 humanum,
1313 1187 1499 1236 ponendo
1533 1200 1625 1226 cum·
1659 1187 1730 1226 hoc
1753 1194 1819 1225 :205

166 1252 271 1292 alias
300 1253 519 1294 diuisiones
548 1257 586 1292 et
612 1253 872 1303 improbando
902 1251 1152 1307 empericos.J

297 1318 363 1357 VI.
395 1318 524 1358 Cuius
553 1319 659 1358 modi
686 1319 828 1358 incisio
856 1319 1046 1357 vniuersa
1073 1320 1293 1357 secundum
1322 1317 1622 1367 dispositionem
1650 1330 1728 1357 cor-

164 1382 274 1432 poris
292 1382 403 1433 facta
433 1386 499 1423 est.
543 1383 641 1422 Alia
668 1396 757 1422 vero
786 1385 843 1422 est
871 1395 947 1433 que
974 1385 1032 1422 est
1058 1384 1280 1422 secundum
1308 1382 1582 1433 operationum
1610 1381 1729 1433 diffe-

166 1448 329 1489 rentias.
375 1449 545 1497 Quando
564 1448 794 1500 cyrurqiam
815 1452 850 1487 et
863 1448 1103 1499 farmaciam
1118 1451 1154 1487 et
1165 1448 1312 1488 dietam
1327 1448 1469 1488 dicunt
1483 1461 1567 1488 esse
1574 1448 1730 1497 primas

167 1516 205 1552 et
229 1513 430 1552 maximas
454 1513 693 1552 medicatiue
717 1513 955 1567 particulas,
984 1512 1074 1561 fieri
1100 1512 1259 1551 videtur
1289 1512 1491 1561 aliquibus
1520 1512 1641 1552 huius
1668 1512 1730 1551 in·
1753 1519 1818 1550 :210

167 1578 261 1617 cisio
290 1580 511 1617 secundum
531 1578 792 1617 materiarum
811 1577 1075 1628 differentias.
1114 1576 1261 1620 Omnis
1284 1577 1390 1616 enim
1413 1578 1622 1628 particula
1650 1590 1730 1616 cor-

158 1642 275 1693 poris
302 1643 462 1683 saluari
489 1644 551 1683 vel
578 1643 720 1683 iuuari
748 1646 846 1682 nata
866 1646 924 1682 est
943 1655 993 1682 ex
1012 1642 1123 1682 dieta
1140 1643 1201 1682 vel
1219 1642 1418 1693 sarmacia
1443 1643 1503 1682 vel
1528 1642 1730 1694 cyrurqia.

165 1708 246 1748 Sed
268 1708 399 1759 maqis
417 1709 577 1760 proprie
602 1709 703 1748 dicet
723 1709 814 1758 quis
834 1722 901 1748 eas
930 1709 1062 1748 oblata
1090 1711 1126 1748 et
1148 1708 1289 1756 fientia
1318 1712 1357 1748 et
1374 1721 1448 1757 que
1478 1712 1731 1748 euacuantur

165 1776 203 1813 et
242 1777 470 1814 extrorsum
505 1774 738 1816 incidentia.
801 1774 857 1814 In
890 1787 1048 1815 summa
1080 1787 1170 1814 vero
1209 1774 1387 1825 dicendo,
1428 1774 1665 1824 quicumque
1706 1787 1731 1813 a

165 1840 507 1891 dispositionibus,
528 1854 629 1891 quas
649 1854 717 1880 ars
741 1841 816 1880 illa
835 1844 953 1880 curat
981 1844 1017 1880 et
1045 1841 1226 1891 custodit,
1256 1841 1438 1891 fecerunt
1464 1854 1553 1880 eam
1577 1854 1651 1890 que
1677 1841 1730 1879 ad
1750 1850 1817 1880 215

296 1963 361 1994 193
376 1962 671 2004 paedotrophicam
694 1962 728 1995 Β
893 1963 958 1995 195
978 1962 1106 1995 ventris
1128 1962 1196 1995 AB
1360 1963 1426 1994 197
1445 1961 1677 1994 excercitatoria
1698 1963 1730 1994 et

163 2018 375 2058 yymnastica
397 2017 431 2049 B
569 2019 633 2050 199
649 2018 918 2059 prae-semiim,
937 2018 1142 2059 yerocomica
1163 2018 1198 2050 Β
1332 2018 1508 2049 203-206
1529 2016 1614 2057 fehlt
1634 2016 1672 2047 in
1695 2016 1730 2048 Β

164 2072 232 2103 207
250 2071 461 2104 Huiusmodi
482 2073 516 2104 Β
580 2111 583 2112 ⁷
666 2074 734 2104 208
754 2073 981 2114 operationnm
1000 2072 1036 2104 -A
1188 2073 1254 2105 209
1275 2072 1406 2112 quando
1428 2072 1517 2112 quod
1536 2070 1673 2112 rugiam
1695 2071 1728 2102 A

164 2126 323 2167 quoniam
345 2127 550 2170 chirurgiam
567 2128 601 2160 Β
687 2128 755 2160 209
770 2127 1005 2174 pharmaciam
1020 2127 1054 2160 Β
1140 2129 1208 2160 212
1222 2127 1419 2169 pharmacia
1433 2125 1485 2159 vel
1506 2125 1679 2167 chirurgia
1695 2125 1729 2158 B

163 2182 230 2213 213
250 2181 359 2214 oblata
381 2184 412 2214 et
434 2192 519 2223 quae
539 2183 628 2223 fiunt
649 2182 683 2214 B

296 2280 359 2313 198
381 2280 427 2318 ὡς
451 2278 534 2311 εἶναι
556 2280 597 2311 τὰ
612 2282 726 2318 πρῶτα
741 2280 799 2311 καὶ
821 2281 957 2321 μέγιστα
978 2282 1036 2320 τῆς
1056 2281 1128 2319 περὶ
1150 2280 1187 2310 τὸ
1211 2282 1304 2319 σῶμα
1327 2280 1442 2319 τέχνης
1464 2279 1543 2319 μέρη
1565 2278 1728 2317 θεραπευ-

164 2334 265 2375 τικόν,
278 2334 510 2374 ἀναληπτικὸν,
522 2335 804 2375 προφυλακτικόν,
816 2336 1050 2375 γηροκομικὸν,
1062 2335 1325 2372 παιδοτροφικὸν,
1339 2334 1506 2364 εὐεκτικὸν
1520 2335 1579 2364 καὶ
1591 2334 1730 2374 ὑγιεινόν

163 2387 227 2422 207
250 2389 340 2419 κατὰ
362 2389 420 2428 τὴν
444 2391 502 2419 τοῦ
524 2390 676 2426 σώματος
699 2389 842 2420 διάθεσιν
1007 2388 1073 2422 208
1094 2389 1182 2419 κατὰ
1203 2389 1262 2425 τὰς
1284 2390 1345 2419 τῶν
1370 2388 1540 2428 ἐνεργειῶν
1566 2390 1730 2428 διαφοράς

164 2442 228 2475 209
251 2444 458 2482 χειρουργίαν
482 2444 540 2473 καὶ
563 2445 773 2481 φαρμακείαν
796 2444 856 2473 καί
878 2445 1001 2474 δίαιταν
1112 2443 1176 2475 211
1199 2444 1288 2472 κατὰ
1307 2444 1365 2479 τὰς
1380 2446 1445 2473 τῶν
1461 2443 1548 2473 ὑλῶν
1569 2444 1730 2481 διαφοράς

164 2494 245 2538 (ng.
268 2493 338 2529 Ser.
362 2496 442 2529 min.
456 2496 508 2529 III
529 2498 583 2537 64,
597 2497 637 2530 12
645 2495 668 2529 f.
691 2495 898 2538 Helmreich)
1069 2497 1243 2531 211—212
1265 2499 1328 2528 πᾶν
1350 2498 1414 2538 γὰρ
1438 2496 1590 2537 σώματος
1614 2499 1728 2537 μόριον

164 2551 329 2590 σῴζεσθαι
371 2552 392 2592 ἢ
439 2551 637 2591 ὡφελεῖσθαι
685 2553 827 2591 πέφυκεν
874 2553 914 2583 ἐκ
965 2554 1090 2593 διαίτης
1133 2553 1155 2592 ἢ
1201 2554 1409 2591 φαρμακείας
1454 2552 1475 2592 ἢ
1521 2554 1730 2593 χειρουργίας

163 2604 228 2638 213
249 2607 497 2646 προσφερόμενα
519 2608 577 2637 καὶ
598 2606 775 2646 ποιοὺμενα
794 2608 854 2637 καὶ
874 2608 1058 2647 κενούμενα
1072 2608 1132 2638 καὶ
1153 2607 1273 2645 ἔξωθεν
1297 2608 1538 2647 προσπίπτοντα
1559 2607 1642 2650 (vgl.
1659 2606 1730 2641 Sor.

163 2663 241 2693 min.
257 2660 307 2693 HI
330 2673 362 2704 p.
379 2662 433 2703 62,
444 2661 518 2695 221³.
542 2661 612 2694 und
633 2672 667 2704 p.
682 2662 734 2702 89,
751 2661 821 2696 18f.
844 2660 1035 2695 Helmreich
1058 2665 1158 2695 sowic
1173 2667 1197 2695 t.
1210 2661 1258 2695 VI
1280 2674 1313 2705 p.
1329 2663 1372 2697 78
1388 2661 1503 2703 Kahn)
1597 2664 1663 2697 214
1685 2664 1731 2702 ὡς

164 2716 201 2745 δὲ
225 2717 391 2747 συνελόντι
413 2718 512 2748 εἰπεῖν
534 2716 630 2757 (oder
653 2716 756 2757 ahnl.)
