1980 3118
149 477 216 507 360

148 801 214 830 365

239 270 403 309 dinibus
433 269 593 319 quidem
622 269 666 308 in
697 269 796 308 libro
825 271 874 308 de
902 268 1135 320 differentia
1164 269 1453 319 eyritudinum‚
1484 271 1531 309 de
1561 269 1696 310 causis
1723 281 1815 308 vero

239 348 417 373 seorsum
444 335 488 373 in
515 334 594 373 alio
616 335 727 383 libro,
754 334 860 373 sicut
887 336 990 373 etde
1009 333 1318 373 sinthomatibus
1338 333 1384 372 in
1413 334 1506 376 alio.
1546 335 1604 374 Et
1622 347 1813 374 sanorum

239 399 361 439 etiam
403 398 657 452 differentias
693 399 939 440 ostendimus
967 412 1046 450 per
1080 398 1313 439 sanatiuam
1353 412 1525 450 operam,
1560 399 1606 440 in
1646 413 1726 450 qua
1764 402 1811 450 et,

239 468 431 514 quomodo
460 469 609 515 oportet
638 468 686 504 de
716 478 959 514 unaquaque
979 478 1118 504 earum
1130 465 1355 515 providere,
1384 465 1578 514 scriptum
1608 469 1676 514 est,
1702 465 1814 515 facta

238 530 477 570 resolutione
492 530 766 581 eyritudinum
782 533 819 569 et
832 543 1050 569 causarum
1066 532 1102 569 et
1116 529 1400 569 sinthomatum
1413 530 1458 569 in
1470 530 1726 580 terapeutica.
1757 528 1814 568 Et

238 608 409 644 namque
429 596 650 634 secundum
670 595 943 647 huiusmodi>
959 595 1192 634 incisionem
1212 608 1271 644 ea,
1293 607 1367 643 que
1387 598 1484 633 sunt
1495 595 1635 643 prima
1650 598 1686 633 et
1696 594 1812 644 prin-

239 659 487 709 cipalissima
517 660 628 710 artis,
659 673 741 699 non
771 660 854 699 alia
875 673 900 700 a
920 660 1037 699 dictis
1062 659 1254 710 superius
1278 659 1541 699 inuenientur
1567 672 1658 701 esse.
1697 658 1813 699 Simi-

241 725 330 764 liter
361 728 493 764 autem
524 729 561 764 et
590 739 637 764 ea
657 739 733 774 que
760 727 999 764 secundario
1027 729 1125 764 sunt
1145 725 1318 773 propria
1348 729 1383 763 et
1412 725 1539 774 tertio,
1570 725 1674 763 sicut
1693 728 1813 763 antea

239 789 393 828 dictum
428 793 488 829 est
521 793 559 829 et
593 790 782 839 quoniam
811 790 879 830 hec
913 790 1006 841 ipsa
1042 793 1195 840 oportet
1228 789 1404 829 incidere
1432 792 1480 840 et,
1516 789 1552 829 si
1586 793 1686 830 recte
1714 789 1812 829 inci-

239 857 404 906 dantur,
440 869 595 895 necesse
626 860 682 895 est
715 856 950 896 incisionem
980 856 1159 895 desinere
1195 869 1322 905 usque
1357 857 1409 895 ad
1439 855 1812 894 elementarissimas

238 920 437 959 scientias.
497 920 698 969 Quoniam
735 924 868 961 autem
909 920 1210 972 multiformiter
1244 921 1359 961 adest
1390 920 1568 961 incidere
1604 920 1810 972 singulum

240 999 388 1036 eorum,
419 1000 494 1035 que
515 988 727 1037 proposita
756 991 864 1037 sunt,
895 988 1048 1026 dictum
1078 991 1134 1027 est
1158 1000 1238 1026 non
1263 988 1392 1026 solum
1416 987 1663 1035 simpliciter,
1690 988 1759 1025 sed
1788 999 1813 1024 a

238 1051 632 1102 dyale<c>ticissimis
663 1052 1001 1104 phylosophorum
1031 1065 1076 1092 ac
1112 1052 1229 1092 etiam
1260 1065 1339 1102 per
1373 1052 1556 1101 exempla
1586 1065 1610 1091 a
1638 1050 1811 1091 Platone

149 1128 215 1158 370
232 1129 309 1165 per
339 1117 439 1155 duos
470 1117 602 1166 libros,
637 1117 787 1157 scilicet
810 1131 888 1167 per
911 1117 1181 1167 Sophisticum
1212 1121 1248 1156 et
1275 1117 1505 1158 Politicum.

149 1454 170 1482 Εἰ
174 1454 212 1484 75

369 1180 463 1221 Non
488 1181 615 1233 iqitur
640 1183 771 1222 turbet
797 1186 833 1221 te
857 1183 1073 1222 multitudo
1098 1182 1361 1230 incisionum,·
1386 1195 1512 1231 neque
1537 1182 1573 1220 si
1592 1183 1811 1221 secundum

238 1246 418 1286 diuersos
439 1249 573 1286 modos
592 1248 816 1287 inciserunt
836 1248 1117 1287 medicatiuam
1139 1248 1367 1296 anteriores,
1393 1248 1462 1286 sed
1483 1247 1520 1286 si
1538 1247 1642 1285 nihil
1663 1259 1809 1296 eorum,

237 1324 311 1360 que
329 1315 555 1362 occurrunt,
578 1312 794 1352 obmissum
811 1316 878 1361 est,
900 1313 1128 1360 considera:
1147 1313 1384 1361 quicumque
1401 1311 1506 1351 enim
1526 1312 1595 1350 hec
1614 1312 1810 1359 obseruat‚

238 1378 437 1415 moderate
461 1377 623 1416 diuidit.
675 1376 880 1426 Optimum
906 1380 964 1416 est
989 1380 1134 1426 autem,
1161 1377 1266 1416 sicut
1283 1376 1407 1426 prius
1432 1376 1582 1416 dictum
1608 1379 1675 1425 est,
1698 1375 1811 1428 prin-

237 1441 389 1491 cipium
423 1441 558 1492 facere
586 1456 610 1481 a
636 1443 985 1493 [pJpropriissima
1014 1443 1195 1491 materia,
1232 1446 1270 1481 et
1299 1443 1444 1481 deinde
1473 1442 1555 1481 alia
1588 1442 1811 1481 secundum

235 1507 355 1556 prius
384 1507 533 1546 dictam
562 1508 788 1547 methodum
819 1508 1053 1560 ad[d]icere.

369 1572 582 1627 [Explicit
607 1574 765 1613 libellus
790 1574 952 1613 Galieni
979 1576 1029 1613 de
1048 1575 1239 1624 partibus
1268 1574 1504 1613 medicatiue
1535 1574 1758 1613 translatus
1785 1586 1809 1612 a

236 1638 430 1689 mayistro
458 1638 626 1678 Nicolao
655 1641 703 1678 de
732 1639 858 1689 Reyio
888 1640 937 1678 de
965 1638 1194 1693 Calabria]

368 1729 434 1759 358
456 1728 734 1769 symptomatibus
758 1728 791 1760 Β
890 1729 957 1760 359
978 1738 1112 1769 operam
1135 1728 1168 1760 A
1192 1728 1422 1760 tractationem
1446 1728 1480 1759 Β
1575 1728 1640 1759 361
1663 1728 1807 1769 sympto-

236 1783 367 1813 matum
390 1782 424 1813 Β
561 1783 626 1813 361
650 1783 854 1823 terapentica
877 1783 909 1814 A
933 1782 1158 1823 therapeutica
1182 1782 1217 1814 Β
1355 1783 1421 1814 366
1444 1781 1752 1814 elementalissimas
1776 1781 1811 1813 Β

235 1837 303 1866 367
327 1835 422 1877 Quod
446 1836 480 1867 Β
569 1838 636 1868 367
657 1836 914 1876 multiformiter
936 1837 981 1868 sit
1003 1836 1149 1868 incidere
1173 1836 1207 1867 Β
1297 1837 1473 1868 368-369
1495 1846 1515 1867 a
1532 1835 1809 1867 dialecticissimis

229 1888 505 1930 philosophorum
531 1890 564 1922 Β
673 1891 740 1922 370
762 1891 977 1932 sophisticum
1000 1891 1069 1923 AB
1179 1892 1245 1923 373
1265 1891 1426 1923 omissum
1447 1890 1481 1923 Β
1589 1890 1764 1922 374—375
1787 1901 1808 1921 a

228 1944 473 1985 propn‘jssima
496 1944 531 1976 Β
661 1946 727 1976 376
750 1945 892 1986 adiicere
913 1946 947 1977 Β
1078 1946 1254 1977 377-378
1274 1945 1360 1985 fehlt
1382 1945 1417 1976 Β

235 2020 268 2049 ἐν
293 2019 387 2058 ἄλλῳ
412 2020 531 2060 βιβλίῳ,
553 2020 710 2058 καθάπερ
725 2022 784 2050 καὶ
805 2021 878 2058 περὶ
899 2023 963 2051 τῶν
987 2021 1228 2060 συμπτωμάτων
1253 2021 1287 2051 ἐν
1311 2019 1403 2059 ἄλλῳ
1420 2027 1428 2034 ·
1444 2021 1502 2050 καὶ
1526 2020 1565 2059 δὴ
1582 2020 1640 2050 καί
1662 2020 1722 2056 τὰς
1744 2019 1810 2049 τῶν

235 2073 379 2113 ὑγιεινῶν
404 2075 564 2113 διαφορὰς
587 2076 844 2114 ἀποδεδείχαμεν
868 2076 921 2106 διὰ
944 2078 1002 2115 τῆς
1027 2075 1164 2115 ὑγιεινῆς
1187 2076 1409 2114 πραγματείας
1502 2075 1565 2107 361
1590 2075 1808 2114 γεγενημένης

236 2117 422 2154 ἀναλὺσεως
444 2118 508 2148 τῶν
531 2128 567 2148 τε
588 2119 780 2158 νοσημάτων
797 2120 856 2148 καὶ
872 2121 935 2148 τῶν
952 2120 1061 2149 αἰτίων
1076 2120 1134 2148 καὶ
1150 2121 1213 2148 τῶν
1231 2120 1474 2157 συμπτωμάτων
1486 2119 1519 2148 ἐν
1532 2121 1570 2157 τῇ
1589 2118 1808 2155 ὅεραπευτικῇ

233 2171 297 2204 367
332 2170 403 2202 Ὀτι
437 2173 473 2202 δὲ
505 2172 687 2209 πολυειδῶς
721 2173 826 2203 ἔνεστι
859 2174 984 2212 τέμνειν
1027 2173 1165 2203 ἕκαστον
1199 2175 1263 2203 τῶν
1297 2172 1555 2212 προβληθέντων,
1597 2172 1657 2211 οὐχ
1696 2170 1807 2208 ἁπλῶς

234 2227 344 2264 μόνον,
369 2227 496 2265 εἴρηται
519 2227 579 2257 οὐκ
595 2228 667 2266 ἐμοὶ
691 2229 788 2266 μόνον
812 2228 901 2258 ἀλλὰ
924 2229 981 2258 καὶ
1004 2231 1072 2265 τοῖς
1096 2228 1402 2264 διαλεκτικωτάτοις
1424 2229 1486 2257 τῶν
1511 2227 1696 2265 φιλοσόφων
1722 2225 1805 2267 (vgl.

236 2279 340 2312 Galen
358 2279 400 2319 X,
424 2291 457 2321 p.
476 2281 558 2320 18‚7
584 2280 708 2320 Koba),
738 2283 797 2311 καὶ
826 2283 865 2320 δὴ
894 2283 951 2311 καὶ
980 2283 1034 2312 διὰ
1062 2283 1334 2321 παραδειγμάτων
1363 2281 1513 2311 Πλάτωνι
1541 2278 1807 2321 (ἀποδέδεικται)

234 2335 287 2364 διὰ
311 2335 398 2365 δυοῖν
423 2334 564 2373 βιβλίοιν,
590 2336 720 2375 δηλαδὴ
744 2338 801 2372 τοῦ
824 2345 861 2366 τε
883 2337 1041 2375 Σοφιστοῦ
1063 2337 1122 2366 καὶ
1144 2338 1202 2366 τοῦ
1224 2336 1402 2366 Πολιτικοῦ
1562 2335 1733 2369 370-371
1761 2335 1803 2373 μὴ

234 2391 340 2419 τοίνυν
370 2390 539 2428 ταραξατω
563 2399 599 2419 σε
627 2391 664 2419 τὸ
687 2390 819 2429 πλῆθος
848 2394 910 2421 τῶν
942 2392 1142 2432 διαιρέσεων,
1172 2389 1249 2430 μηδ’
1280 2392 1308 2420 εἰ
1338 2391 1426 2420 κατὰ
1455 2391 1631 2428 διαφόρους
1666 2390 1805 2428 τρόπους

234 2444 425 2483 διῃρήκασιν
449 2446 506 2483 τῆν
531 2445 679 2483 ἰατρικὴν
703 2445 734 2474 οἱ
756 2438 1015 2484 προγενέστεροι,
1040 2444 1118 2475 ἀλλ’
1144 2446 1173 2475 εἰ
1192 2445 1290 2484 μηδὲν
1308 2448 1371 2475 τῶν
1394 2445 1617 2490 ἐπερχομένων
1636 2443 1678 2484 (?)
1702 2445 1807 2482 παρὰ·

232 2497 410 2538 λελειπται,
434 2498 616 2537 θεώρησον.
657 2499 806 2537 ὅστισπερ
830 2499 894 2538 γὰρ
920 2498 958 2529 ἂν
984 2502 1084 2530 ταῦτα
1109 2500 1324 2539 διαφυλάττῃ,
1348 2501 1486 2538 μετρίως
1510 2501 1634 2538 διαιρεῖ.
1676 2500 1807 2537 ἄριστον

233 2553 279 2592 δέ,
305 2552 410 2591 ὥσπερ
432 2553 591 2591 πρότερον
607 2553 742 2592 εἴρηται,
767 2553 824 2592 τὴν
843 2554 945 2593 ἀρχὴν
961 2555 1025 2584 ἀπὸ
1042 2556 1102 2593 τῆς
1119 2555 1324 2593 οἰκειοτάτης
1340 2554 1421 2594 ὕλης
1443 2554 1642 2593 ποιήσασθαι
1664 2554 1805 2584 κᾶπειτα

233 2606 340 2637 τᾶλλα
364 2608 452 2637 κατὰ
475 2608 532 2647 τὴν
556 2608 791 2647 προειρημένην
814 2608 955 2647 μέθοδον
977 2608 1179 2646 προσθεῖναι.
