1980 3118
886 152 1127 191 -26-

352 278 579 334 [Doctrina
599 282 777 320 secunda
796 281 844 320 de
864 280 1065 320 diuisione
1080 280 1318 320 medicatiue
1333 281 1553 320 secundum
1569 280 1795 331 opinionem

154 358 196 389 70
211 345 446 396 propriam.⁴
486 345 594 386 Eius
620 349 754 386 autem
782 349 879 386 sunt
908 346 987 386 due
1015 359 1178 386 summe.
1227 346 1374 386 Prima
1392 349 1460 397 est,
1487 346 1534 387 in
1562 359 1654 397 qua,
1685 349 1794 387 ante-

218 424 339 461 quam
355 412 517 451 accedat
531 413 585 450 ad
596 412 852 462 propositum
867 425 1001 462 suum,
1015 411 1215 462 premittit
1230 413 1412 461 quedam.
1461 411 1645 452 Continet
1661 414 1794 451 autem

217 476 297 516 duo
331 476 524 527 capitula.
581 477 773 517 Primum
802 481 872 528 est,
907 477 953 517 in
981 491 1058 528 quo
1085 477 1289 528 premittit
1316 479 1517 528 quoddam
1552 477 1791 528 exemplum,

216 544 322 590 quod
348 542 449 592 facit
478 544 532 581 ad
557 543 807 592 propositum
835 542 997 598 suum]

347 607 435 647 III.
480 609 559 650 Sed
591 609 691 649 mihi
726 609 885 650 videtur
920 609 1064 650 bonum
1099 622 1192 660 esse,
1227 612 1274 650 ut
1302 609 1434 650 adhuc
1461 609 1656 660 incipiam
1687 608 1794 661 loqui

152 686 192 716 75
215 673 264 711 de
301 677 432 712 mente
469 687 569 713 mea.
628 674 830 722 Quoniam
866 675 1115 723 paruissime
1150 675 1356 725 particule
1395 674 1497 714 artis
1533 674 1671 723 quales
1709 673 1794 712 sint

213 739 435 778 seeundum
464 742 667 790 naturam,
697 739 780 780 iam
808 739 962 780 dictum
991 743 1059 791 est,
1081 740 1219 791 primo
1252 753 1362 780 nunc
1395 739 1577 790 apertius
1610 738 1793 779 determi-

213 805 410 855 nandum,
441 817 543 855 quas
563 807 714 855 oportet
730 817 871 846 vocare
890 805 1123 856 particulas
1150 805 1350 856 minimas,
1380 805 1608 855 exemplum
1637 804 1684 845 in
1711 817 1792 844 ser-
1853 825 1857 828 ·

213 882 329 909 mone
351 873 547 920 ponentes
575 883 656 910 non
683 873 802 910 extra
825 871 1077 922 propositum
1105 871 1323 922 neqocium‚
1352 871 1422 910 sed
1435 873 1464 921 †
1479 883 1602 921 super
1630 869 1791 919 quidem

214 934 331 974 aliud
370 935 529 975 vtilium
563 936 708 976 debens
747 948 842 976 esse.
901 936 1018 977 Sicut
1045 950 1142 989 erqo
1181 936 1358 988 corporis
1396 935 1523 976 nostri
1562 935 1792 986 particulas

147 1014 191 1044 80
212 1001 258 1039 in
279 1001 517 1040 anothomiis
536 1014 663 1051 usque
682 1002 736 1041 ad
754 1001 946 1042 minimas
965 1004 1188 1042 secundum
1207 1002 1389 1052 speciem,
1415 1014 1517 1051 quas
1542 1004 1578 1040 et
1597 1001 1791 1040 elementa

213 1066 422 1106 sensibilia
454 1079 653 1118 vocamus,
690 1079 883 1107 conamur
910 1067 1072 1119 discere,
1112 1068 1171 1108 ita
1205 1070 1357 1118 opor-tet
1391 1071 1428 1107 et
1462 1067 1562 1107 artis
1597 1066 1790 1106 minimas

204 1131 447 1181 particulas.
497 1132 574 1183 [Et
594 1133 784 1173 elementa
803 1133 1031 1180 sensibilia]
1050 1147 1203 1184 oryana
1222 1133 1382 1182 quidem
1401 1136 1448 1172 ut
1466 1136 1599 1182 caput,
1629 1145 1787 1181 manus,

206 1199 333 1248 pedes
367 1201 404 1237 et
438 1198 683 1248 huiusmodi,
725 1198 866 1238 horum
907 1201 1040 1238 autem
1073 1199 1255 1250 ipsorum
1288 1211 1434 1238 rursus
1471 1197 1790 1248 vniuscuiusque

210 1267 308 1302 sunt
333 1267 482 1313 partes,
507 1264 619 1303 velut
642 1264 788 1313 capitis
811 1264 974 1313 quidem
1000 1278 1120 1304 aures
1146 1268 1182 1304 et
1203 1264 1329 1314 facies
1355 1267 1541 1303 etvnasus
1566 1267 1604 1303 et
1627 1264 1786 1312 collum,

144 1339 187 1370 85
210 1328 344 1379 ipsius
381 1342 471 1369 vero
508 1329 708 1370 nominati
738 1329 907 1382 proprie
943 1329 1088 1381 capitis
1123 1332 1262 1382 partes
1297 1333 1333 1370 et
1367 1329 1569 1370 cerebrum
1598 1331 1636 1369 et
1675 1328 1788 1369 ambe

209 1395 385 1447 mirinqe
426 1399 461 1435 et
495 1408 687 1435 craneum
723 1392 770 1435 ets
798 1397 945 1436 arterie
986 1399 1024 1436 et
1060 1409 1157 1436 vene
1193 1399 1229 1435 et
1268 1396 1491 1436 membrane
1527 1398 1562 1434 et
1595 1395 1717 1435 nerui
1751 1397 1788 1434 et

211 1461 377 1511 corium,
394 1474 470 1511 que
485 1474 618 1501 omnes
632 1462 852 1502 secundum
862 1461 1040 1512 primam
1054 1461 1290 1503 incisionem
1309 1461 1592 1502 inueniuntur.
1621 1460 1787 1501 Harum

209 1540 302 1565 vero
330 1540 477 1566 rursus
499 1528 685 1576 partium
713 1528 879 1577 sinqula
907 1528 1112 1567 diuiditur
1140 1528 1185 1567 in
1207 1525 1450 1577 particula&
1482 1530 1519 1565 et
1545 1527 1699 1566 dictum
1727 1529 1786 1565 est

202 1591 259 1630 'de
289 1591 473 1631 omnibus
492 1591 594 1641 ipsis
619 1591 664 1631 in
690 1591 803 1632 libris
828 1593 876 1632 de
903 1592 1162 1632 anothomicis
1187 1591 1494 1632 tractationibus
1500 1604 1513 1640 ;
1538 1591 1584 1631 in
1601 1590 1787 1642 presenti

146 1670 188 1700 90
209 1669 302 1695 vero
331 1656 486 1706 suffieit
506 1659 767 1705 proponendo
796 1669 1085 1706 quamcumque
1112 1659 1317 1696 ostendere
1344 1656 1578 1695 incisionem
1606 1655 1785 1706 corporis

211 1734 338 1770 usque
372 1721 426 1760 ad
466 1721 669 1762 elementa.
727 1721 892 1761 Arteria
925 1721 1052 1772 iqitur
1091 1721 1324 1762 bitunicalis
1364 1724 1420 1761 est
1458 1722 1679 1761 secundum
1718 1720 1786 1760 sui

209 1786 406 1826 rationem
423 1811 472 1816 —
490 1790 758 1826 monstratum
778 1787 884 1826 enirn
903 1790 974 1836 est,
996 1790 1164 1837 propter
1183 1787 1281 1836 quid
1300 1786 1548 1826 tritunicalis
1567 1789 1604 1825 et
1622 1786 1785 1835 quadri-

208 1851 404 1891 tunicalis
433 1855 605 1902 apparet
623 1865 695 1901 —,·
721 1852 952 1891 tunicarum
981 1855 1116 1892 autem
1145 1852 1233 1892 eius
1262 1852 1391 1891 altera
1419 1851 1578 1901 quidem
1606 1851 1785 1901 obliquos

209 1917 323 1956 habet
347 1917 495 1969 inulos,
523 1918 653 1958 altera
676 1931 768 1957 vero
792 1921 937 1967 rectos;
965 1918 1073 1968 ipsos
1099 1921 1234 1958 autem
1252 1917 1387 1958 inulos
1406 1917 1451 1957 in
1470 1917 1594 1957 aliam
1612 1917 1784 1967 speciem

341 2028 472 2060 69—73
486 2028 570 2069 fehlt
584 2029 619 2061 Β
710 2030 750 2061 75
772 2029 934 2061 minimae
948 2029 982 2061 B
1073 2030 1114 2061 76
1133 2030 1180 2061 est
1191 2028 1291 2070 prius
1306 2038 1396 2060 nunc
1409 2028 1444 2060 Β
1533 2029 1576 2059 77
1587 2029 1734 2069 oporteat
1749 2027 1784 2060 B

210 2084 252 2115 79
274 2083 406 2124 quidem
430 2083 561 2125 aliquid
582 2083 722 2116 utilium
744 2083 779 2117 Β
920 2085 966 2117 80
987 2083 1168 2117 anatomiis
1190 2083 1225 2116 B
1366 2084 1412 2116 82
1424 2082 1619 2124 particulas
1640 2080 1672 2096 '¹'
1695 2083 1727 2115 et
1748 2081 1784 2114 Β

206 2140 254 2168 82
273 2138 322 2169 Et
345 2138 505 2169 elementa
526 2138 698 2169 sensibilia
718 2139 846 2170 scheint
865 2148 939 2170 vom
955 2138 1169 2170 Abschreiber
1190 2137 1364 2178 falschlich
1386 2147 1448 2168 aus
1469 2137 1508 2168 Z.
1524 2129 1571 2168 80
1590 2136 1783 2168 wiederholt

206 2200 250 2222 zu
273 2190 344 2223 sein
487 2192 532 2223 85
552 2191 727 2224 nominare
749 2191 781 2224 A
805 2191 998 2225 nominatae
1020 2191 1054 2224 Β
1196 2192 1242 2224 86
1262 2190 1407 2233 mirinqe
1428 2189 1460 2222 A
1481 2188 1559 2233 (vql.
1581 2190 1717 2223 Bonnet
1737 2199 1782 2222 zu

207 2246 334 2286 Subfiq.
359 2246 476 2286 empir.
501 2247 554 2287 46,
567 2245 624 2286 10)
644 2246 814 2288 meninqee
829 2247 864 2279 Β
885 2247 1039 2279 cranium
1054 2247 1089 2279 Β
1176 2248 1220 2278 87
1242 2246 1328 2278 cutis
1349 2246 1384 2278 Β
1469 2247 1515 2278 89
1536 2244 1732 2278 anatomicis
1746 2244 1782 2276 B

209 2300 248 2330 91
272 2300 419 2332 Artaria
440 2299 472 2330 A
497 2300 634 2332 Arteria
656 2300 691 2333 B
838 2301 881 2333 93
901 2302 1066 2342 appareat
1087 2300 1122 2333 Β
1273 2300 1316 2332 93
1337 2299 1485 2341 obliquas
1507 2299 1600 2332 habet
1620 2298 1725 2341 fibras
1746 2298 1782 2330 B

208 2355 250 2386 94
272 2356 379 2387 rectas
400 2355 435 2388 Β
568 2356 609 2388 94
632 2356 653 2388 1
652 2365 737 2397 psas
759 2357 871 2389 autem
893 2355 995 2396 fibras
1016 2355 1051 2389 Β

338 2441 379 2474 77
403 2440 563 2481 ἐλάχιστα
587 2441 685 2480 μόρια
796 2441 927 2475 79-80
949 2442 983 2472 δν
1004 2444 1078 2479 ταῖς
1102 2442 1286 2480 ἀνατομαῖς
1400 2441 1444 2475 80
1467 2440 1610 2481 αἰσθητὰ
1631 2442 1780 2480 στοιχεῖα

205 2496 336 2529 85-86
360 2497 515 2535 μήνιγγες
603 2496 647 2529 88
669 2497 730 2527 καὶ
745 2497 868 2536 εἴρηται
883 2497 957 2534 περὶ
971 2498 1100 2527 πάντων
1116 2497 1223 2527 αὐτῶν
1240 2496 1274 2527 ὲν
1298 2500 1367 2533 τοῖς
1388 2497 1461 2534 περὶ
1483 2499 1547 2527 τῶν
1570 2497 1778 2534 ἀνατομικῶν

206 2551 426 2590 ἐγχειρήσεων
449 2549 582 2588 βιβλίοις
606 2552 643 2590 (t.
659 2549 692 2581 II
715 2561 749 2592 p.
765 2550 828 2581 215
851 2560 903 2593 sq.
925 2549 1041 2590 Kfihn)
1215 2551 1256 2583 91
1280 2551 1409 2591 διχίτων
1432 2549 1538 2590 (oder,
1561 2548 1648 2581 nach
1672 2546 1776 2580 Galen

204 2604 288 2637 XIX
311 2603 387 2646 366,
411 2605 619 2646 διχίτωνοςῖ)
717 2605 849 2640 92—93
871 2606 1022 2646 'tptxitoev
1043 2605 1103 2637 καὶ
1123 2607 1322 2646 τετραχιτων
1422 2605 1466 2640 93
1487 2607 1552 2637 τῶν
1574 2605 1611 2637 δὲ
1632 2603 1778 2645 χιτώνων

206 2661 307 2700 αὐτῆς
331 2660 349 2691 ὁ
373 2661 430 2699 μὲν
455 2660 567 2699 ἔτερος
591 2662 770 2701 ἐγκαρσίας
793 2661 865 2701 ἔχει
888 2661 947 2698 τὰς
968 2660 1050 2698 ἶνας,
1074 2660 1093 2690 6
1115 2658 1270 2700 δ’ἓτερος
1293 2661 1398 2700 ὀρθὰς
