1980 3118
843 174 1085 210 ...8-

287 300 489 351 ydiomate
522 299 568 339 in
604 300 777 340 latinum
818 301 1012 340 transtuli
1040 301 1173 340 Vestre
1209 301 1484 353 maynitudini
1517 301 1750 353 offerendos.

287 365 407 415 Ipsos
436 365 564 416 iyit'nr
593 368 630 404 et
656 366 832 416 recipere
860 366 1083 417 diynemini
1112 370 1158 405 ut
1186 367 1380 417 beniynus
1409 367 1612 417 beniqne.“

306 433 384 471 Die
413 423 687 484 Cbersetzung
722 446 830 472 muss
865 434 947 472 also
982 447 1054 472 vor
1082 433 1173 472 dem
1202 433 1592 485 Regiorungsantritt
1618 434 1752 486 Konig

174 498 360 547 Roberts,
389 498 529 536 mithin
559 511 632 537 vor
659 498 750 536 dem
779 498 903 537 Jahre
936 499 1051 547 1309,
1082 499 1322 550 angefertigt
1350 499 1447 538 sein.

309 564 349 611 9)
378 566 404 601 t.
436 562 454 600 I
488 562 555 601 fol.
591 564 692 602 149Γ
726 563 775 601 (16
810 564 1069 614 sanguisucis.
1129 563 1425 616 Subskription:
1465 564 1699 610 „translatus
1728 577 1752 603 a

174 628 367 680 magistro
393 627 558 667 Nicolao
587 628 637 666 de
665 628 834 679 Regio“.

311 691 378 744 10)
406 696 433 731 t.
451 693 471 731 I
490 692 556 732 fol.
578 693 650 732 151
662 698 680 715 V
699 693 749 732 ad
766 693 934 746 Papiam
954 694 1004 733 de
1023 695 1168 734 virtute
1188 699 1410 734 centaurea.
1453 695 1749 747 Subskription:

178 760 417 810 „translatus
451 760 501 798 de
541 773 659 811 greco
694 761 734 798 in
774 760 941 799 latinum
977 773 1000 799 a
1035 761 1223 812 magistro
1257 761 1421 800 Nicolao
1457 761 1506 800 (16
1539 760 1667 813 Regio
1702 761 1752 800 de

175 824 400 864 Calabria.“

312 891 379 940 11)
409 896 436 929 t.
466 891 484 929 I
513 891 580 930 fol.
612 892 715 929 272Γ
735 891 857 930 Liber
885 892 1199 943 pronosticorum
1229 893 1313 931 sive
1341 893 1390 931 de
1419 892 1751 944 pronosticatione

175 956 265 995 Gal.
297 955 367 1005 (z
384 956 482 1007 Περὶ
501 963 568 994 τοῦ
589 956 873 1007 προγινώσκειν
901 959 996 1008 πρὸς
1016 954 1221 1009 Ἐπιγένην
1242 957 1339 996 XIV
1361 958 1438 997 599
1460 957 1608 1005 Kahn).
1650 957 1751 996 Sub-

175 1022 387 1073 skription:
424 1021 661 1069 „translatus
691 1035 715 1059 a
743 1021 909 1060 Nicolao
939 1022 988 1060 de
1018 1022 1145 1072 Regio
1175 1023 1224 1060 de
1252 1022 1476 1061 Calabria.“

312 1085 380 1136 12)
411 1091 435 1125 t.
468 1086 507 1124 II
537 1086 604 1125 fol.
630 1088 704 1124 17ῙΓ
738 1086 787 1124 (16
822 1087 951 1125 causis
987 1088 1256 1138 procatarticis
1288 1087 1394 1137 (sic).
1454 1087 1749 1139 Subskription:

178 1152 418 1200 „translatus
448 1165 471 1189 a
500 1152 690 1203 magistro
719 1151 885 1190 Nicolao
915 1152 965 1190 de
994 1152 1121 1204 Regio
1150 1153 1199 1191 de
1229 1152 1452 1192 Calabria.“

310 1218 376 1267 13)
411 1222 439 1256 t.'
470 1217 510 1256 II
550 1217 618 1257 fol.
651 1218 727 1256 *ΖΠ
763 1217 812 1256 (16
847 1222 939 1269 typo
975 1217 1045 1267 (z-
1077 1219 1175 1270 ΙΙερὶ
1211 1219 1343 1258 τύπων
1372 1218 1450 1258 VII
1479 1219 1558 1258 463
1599 1218 1750 1268 Kfihn).

175 1283 457 1333 Subskription
486 1283 672 1321 dieselbe.

312 1348 379 1399 14)
410 1353 435 1387 t.
466 1348 507 1387 II
536 1348 604 1388 fol.
636 1350 713 1388 40r
741 1350 790 1388 (16
820 1353 974 1389 comate
1009 1349 1079 1399 (z
1104 1349 1209 1401 Παρὶ
1243 1356 1311 1388 τοῦ
1346 1346 1444 1389 καθ’
1485 1347 1751 1403 Ἱπποκράτην

174 1415 360 1466 κώματος
388 1414 466 1452 VII
497 1415 575 1453 643
605 1414 758 1465 Kflhn).
818 1415 1097 1467 Subskription
1126 1415 1313 1454 dieselbe.

312 1479 380 1530 15)
409 1484 435 1519 t.
457 1479 499 1518 II
528 1480 595 1519 fol.
617 1481 665 1519 41
680 1484 694 1503 ¹*
723 1481 772 1519 de
792 1481 922 1520 disnia
946 1481 1037 1520 libri
1060 1480 1123 1520 III
1143 1481 1209 1529 (z
1225 1481 1322 1532 Περὶ
1343 1481 1555 1527 δυσπνοίας
1574 1480 1652 1519 VII
1673 1481 1751 1519 753

176 1545 329 1595 Kiihn).
390 1545 687 1597 Subskription:
729 1546 924 1598 „Explicit
951 1547 1019 1584 lib.
1051 1546 1100 1585 (16
1129 1547 1272 1585 disnia:
1311 1546 1529 1585 consistens
1557 1547 1598 1584 in
1627 1546 1753 1585 tribus

176 1611 422 1659 tractatibus,
454 1611 667 1650 translatus
697 1612 746 1650 de
775 1624 894 1663 greco
923 1612 963 1650 in
994 1612 1173 1661 latinum,
1204 1612 1322 1650 etiam
1354 1612 1590 1663 capitulatus
1619 1624 1643 1650 a
1670 1624 1753 1650 ma-

174 1677 300 1727 gistro
328 1676 493 1715 Nicolao
530 1677 579 1714 de
608 1677 738 1727 Regio
774 1678 823 1716 (16
855 1677 1040 1716 Calabria
1082 1690 1186 1716 anno
1221 1677 1369 1715 domini
1403 1676 1660 1715 MCCCXLV
1690 1677 1753 1731 die

174 1741 255 1779 XX
284 1740 385 1779 Julii
414 1740 496 1778 XII
524 1741 776 1780 indictione.“

310 1807 375 1854 16)
405 1810 431 1845 t.
462 1806 504 1845 II
530 1807 606 1846 56Γ
635 1807 683 1846 de
713 1807 933 1846 tumoribus
957 1811 1090 1859 preter
1118 1811 1300 1846 naturam
1330 1806 1397 1855 (z
1414 1806 1509 1858 Περὶ
1537 1811 1613 1845 τῶν
1642 1807 1752 1857 παρὰ

173 1873 290 1924 φύσιν
320 1874 451 1924 ὄγκων
482 1871 560 1911 VII
590 1873 667 1911 705
698 1872 852 1922 Kfihn).
912 1872 1208 1924 Subskription:
1245 1872 1441 1924 „Explicit
1468 1872 1567 1911 liber
1596 1870 1753 1911 Galieni

173 1939 223 1978 de
252 1938 393 1978 notitia
422 1942 622 1977 tumorum
652 1942 785 1989 preter
813 1942 995 1977 naturam
1026 1938 1243 1977 secundum
1273 1937 1571 1977 translationem
1600 1936 1753 1976 Nicolai

173 2005 223 2043 (16
251 2004 380 2055 Regio
410 2004 459 2042 de
490 2003 675 2043 Calabria
705 2004 754 2042 de
783 2017 901 2055 greco
930 2006 971 2043 in
1000 2004 1205 2043 latinum.“

310 2069 378 2119 17)
409 2073 435 2108 t.
471 2069 511 2107 II
546 2069 612 2108 fol.
650 2070 726 2108 85r
761 2070 810 2107 de
853 2070 1040 2121 gynaciis.
1105 2069 1400 2120 Subskription:
1450 2069 1684 2119 „translatus
1729 2081 1752 2106 a

173 2134 338 2174 Nicolao
368 2135 417 2173 (16
446 2134 575 2185 Regio
605 2135 654 2173 de
684 2134 871 2174 Calabria
900 2135 948 2173 de
978 2147 1096 2186 greco
1126 2135 1167 2173 in
1194 2134 1399 2173 latinum.“

310 2200 378 2250 18)
408 2204 435 2239 t.
452 2199 493 2238 II
513 2200 581 2239 fol.
602 2202 703 2239 158¹
722 2201 891 2253 Myamir
911 2201 977 2240 lib.
1004 2200 1045 2239 X
1066 2199 1137 2250 (=
1153 2199 1250 2251 Περὶ
1275 2199 1502 2246 συνθέσεως
1528 2200 1752 2252 φαρμάκων
1804 2248 1810 2251 .

173 2263 388 2318 tfflvsnat&
417 2266 558 2313 τόπους
586 2266 668 2305 XII
699 2267 776 2306 378
806 2266 960 2316 Kiihn).
1001 2265 1185 2304 Vorwort
1212 2266 1282 2304 der
1310 2256 1582 2317 Ubersetzung
1609 2265 1750 2304 lautet:

371 2330 475 2368 Ecce
501 2329 788 2379 qloriosissime
806 2330 1068 2368 Hierusalem
1090 2332 1126 2367 et
1145 2328 1284 2368 Sicilie
1302 2341 1376 2367 rex
1394 2328 1577 2377 Roberte,
1605 2328 1751 2368 librum

286 2395 451 2435 Galieni
471 2395 518 2434 de
542 2395 801 2445 passionibus
821 2394 1144 2444 uniuscuiusque
1156 2393 1362 2444 particule
1391 2397 1427 2434 et
1447 2407 1548 2434 eura
1567 2394 1752 2445 ipsarum

285 2462 562 2500 consistentem
583 2461 627 2499 in
647 2461 778 2499 decem
795 2460 1043 2508 tractatibus,
1065 2473 1180 2508 quem
1201 2459 1368 2498 inclitus
1388 2459 1577 2499 dominus
1592 2459 1751 2497 Andro-

283 2527 413 2575 nicus,
445 2526 515 2577 qui
535 2525 772 2565 intitulatur
792 2525 1021 2574 Imperator
1040 2524 1270 2573 Grecorum,
1301 2524 1483 2573 audiens,
1514 2525 1650 2574 qmod)
1671 2536 1752 2562 non

283 2592 413 2630 solum
444 2591 537 2630 estis
566 2591 610 2629 in
631 2590 858 2641 theoloyieis
888 2593 924 2628 et
946 2589 1129 2641 physicis
1150 2589 1368 2628 eminenter
1387 2589 1584 2639 eruditus,
1614 2600 1751 2627 venum
1832 2588 1834 2591 ’

283 2657 402 2696 etiam
430 2657 473 2695 in
503 2655 736 2696 medicinali
760 2655 942 2703 scientia,
973 2658 1010 2694 et
1029 2655 1074 2694 in
1096 2655 1282 2705 operibus
1301 2656 1523 2694 seeundum
1542 2652 1751 2693 seientiam
