1980 3118
840 250 1084 285 —7—

313 380 355 430 1)
383 385 410 419 t.
445 379 466 418 Ι
506 379 574 418 fol.
616 379 692 417 18v
734 378 783 417 de
825 378 974 430 optima
1016 378 1302 417 doctrinatione
1345 375 1416 426 (z
1445 375 1543 426 Περὶ
1584 374 1748 426 ἀρίστης

179 445 437 493 διδασκαλίας
463 443 485 484 Ι
508 445 562 484 40
589 442 712 483 Kfihn
738 461 791 476 =
820 442 962 483 Galeni
996 443 1152 496 Scripta
1181 443 1336 482 minora
1370 441 1390 481 Ι
1415 442 1466 481 82
1496 438 1747 492 Marquardt)
1818 439 1823 441 ’

180 512 475 562 Subskription:
508 510 745 559 „translatus
773 524 797 549 a
824 510 1012 561 magistro
1040 509 1204 548 Nicolao
1233 509 1282 548 de
1309 507 1477 559 Regio.“

311 577 352 623 2)
381 580 408 615 t.
437 574 459 614 Ι
486 575 553 614 fol.
594 576 667 613 19γ
701 575 750 613 de
773 574 960 626 partibus
992 575 1087 613 artis
1120 573 1391 612 medicativae.
1451 570 1746 622 Subskription:

183 641 419 691 „translatus
449 653 472 679 a
499 640 688 690 magistro
716 639 879 678 Nicolao
908 640 957 678 de
984 639 1112 690 Regio
1140 639 1190 677 de
1218 638 1443 677 Calabria“.

311 704 353 754 3)
382 709 409 743 t.
430 704 451 743 Ι
478 704 547 744 fol.
569 705 643 743 20r
666 704 715 743 de
745 705 1020 744 constitutione
1049 704 1144 743 artis
1168 702 1404 742 medicative
1423 701 1475 740 ad
1493 699 1748 752 Pamphilum

181 769 274 821 (sic)
317 770 388 819 (z
400 768 509 821 Πρὸς
541 769 786 821 Πατρόφιλον
818 771 908 821 περὶ
948 770 1176 815 συστάσεως
1214 770 1392 819 ἰατρικῆς
1425 767 1445 805 Ι
1481 767 1560 805 224
1593 764 1747 812 Kfihn).

181 835 459 887 Subskription
487 834 673 874 dieselbe.

309 899 355 949 4)
384 904 411 939 t.
431 900 452 939 Ι
480 900 547 938 fol.
568 901 647 938 41¹⁷
676 913 727 939 an
755 913 891 939 omnes
919 900 1110 951 particule
1131 899 1312 938 animalis
1342 898 1448 949 quod
1475 897 1623 935 fetatur
1650 896 1750 934 fiant

181 966 297 1005 simul
326 965 453 1014 (nicht
471 964 664 1004 identisch
692 965 765 1004 mit
782 964 879 1017 Περὶ
903 964 1129 1017 κυουμὲνων
1149 963 1396 1009 διαπλάσεως
1415 961 1473 1001 IV
1493 962 1572 1000 652
1592 958 1746 1009 Kfihn).

181 1031 460 1083 Subskription
488 1031 673 1071 dieselbe.

312 1097 353 1143 5)
382 1100 409 1135 t.
429 1096 450 1135 Ι
469 1096 536 1135 fol.
559 1097 636 1135 59γ
664 1097 714 1135 de
742 1097 969 1136 anathomia
997 1097 1211 1136 oculorum.
1261 1094 1540 1146 Subskription
1559 1092 1748 1132 dieselbe.

312 1168 354 1215 6)
383 1172 410 1206 t.
440 1168 461 1206 I
488 1167 555 1206 fol.
589 1169 689 1206 1151
718 1168 766 1206 de
800 1169 961 1219 sequela
992 1169 1259 1219 potentiarum
1293 1179 1363 1205 sen
1391 1167 1582 1204 virtutum
1616 1164 1748 1202 anime

180 1232 231 1271 ad
251 1232 562 1284 complexionem
582 1233 755 1284 corporis
776 1233 844 1282 (z
859 1231 946 1273 Ὅτι
964 1233 1013 1271 τὰ
1031 1238 1102 1284 τῆς
1121 1233 1250 1284 ψυχῆς
1268 1231 1355 1283 ἢθη
1376 1236 1459 1277 ταῖς
1477 1236 1545 1268 τοῦ
1566 1228 1748 1281 σώματος

181 1298 373 1349 κράσεσιν
416 1299 549 1336 ἕπεται
581 1298 639 1336 IV
677 1299 752 1336 767
788 1299 907 1337 Kfihn
935 1315 985 1332 --
1014 1298 1157 1338 Galeni
1191 1298 1274 1336 Scr.
1310 1298 1405 1335 min.
1435 1296 1477 1335 ΙΙ
1496 1296 1548 1335 32
1573 1292 1745 1344 Mfiller).

181 1362 459 1414 Subskription
488 1363 674 1402 dieselbe.

314 1427 357 1476 7)
385 1432 412 1466 t.
433 1427 454 1466 I
477 1428 545 1467 fol.
569 1429 671 1467 118v
696 1429 744 1466 de
769 1428 1088 1467 assuetudinibus
1114 1428 1181 1477 (=
1196 1428 1294 1478 Περὶ
1315 1427 1419 1465 ἐθῶν
1441 1426 1525 1465 Scr.
1546 1426 1640 1464 min.
1660 1424 1703 1462 ΙΙ
1722 1425 1747 1462 9

180 1491 353 1543 Mfiller).
413 1492 694 1545 Subskription
722 1493 906 1533 dieselbe.

312 1563 357 1614 8)
386 1569 412 1602 t.
447 1564 468 1602 I
501 1564 570 1603 fol.
608 1565 711 1603 145r
747 1565 796 1603 de
837 1565 1092 1605 flobothomia
1134 1564 1262 1614 (nicht
1302 1564 1497 1603 identisch
1539 1562 1611 1600 mit
1651 1560 1749 1611 Περὶ

182 1629 436 1682 φλεβοτομίαις
468 1629 571 1668 ΧΙΧ
598 1631 676 1669 518
706 1630 855 1678 Kfihn).
904 1630 1135 1682 Vorangeht
1169 1631 1233 1669 ein
1266 1630 1414 1681 Prolog
1447 1630 1516 1668 des
1548 1626 1748 1674 Nicolaum,

182 1695 252 1734 der
278 1695 491 1747 folgenden
521 1695 720 1735 Wortlaut
746 1696 833 1735 hat:

382 1769 576 1819 „Illustri
587 1769 774 1820 principi
793 1771 951 1810 domino
966 1771 1139 1810 Roberto
1158 1770 1402 1811 serenissimi
1416 1767 1569 1809 domini
1582 1767 1636 1806 D.
1654 1766 1749 1818 (sic)

289 1835 550 1874 Hierusalem
570 1839 610 1874 et
626 1836 764 1875 Sicilie
780 1836 1047 1887 primoyenito
1067 1840 1104 1875 et
1122 1836 1207 1875 eius
1226 1836 1271 1875 in
1297 1849 1417 1886 reyno
1437 1833 1574 1874 Sicilie
1599 1831 1749 1871 vicario

289 1900 480 1950 qenerali,
510 1900 648 1940 inclito
677 1901 772 1940 duci
800 1899 996 1951 Calabrie,
1025 1901 1222 1941 Nicolaus
1250 1903 1299 1940 de
1325 1900 1452 1952 Reyio
1482 1900 1530 1938 de
1558 1895 1748 1939 Calabria

291 1965 512 2005 subiectum
547 1966 728 2005 animum
763 1970 800 2005 et
832 1968 1025 2005 devotum.
1082 1967 1175 2006 Etsi
1204 1967 1342 2005 ceteris
1372 1965 1599 2016 yratiarum
1629 1961 1747 2012 laryi-

292 2030 478 2080 tionibus,
522 2031 667 2082 quibus
707 2033 947 2071 decorantur
982 2032 1205 2082 principes,
1248 2031 1301 2071 sit
1341 2029 1579 2070 excellentia
1616 2030 1748 2067 vestra

291 2096 462 2146 munita,
482 2096 527 2136 in
548 2098 661 2135 domo
681 2100 815 2136 tamen
832 2097 1109 2147 scientiarum,
1132 2110 1210 2147 per
1229 2110 1329 2147 quas
1349 2096 1459 2136 homo
1480 2098 1536 2134 est
1555 2092 1749 2133 veraciter

291 2161 415 2210 homo,
444 2162 551 2200 inter
578 2161 721 2200 mundi
742 2162 951 2212 principes
974 2162 1216 2212 profulqetis
1245 2165 1282 2200 et
1303 2164 1518 2212 propterea
1542 2160 1588 2198 in
1617 2172 1673 2207 eo,
1703 2157 1749 2196 in

292 2239 367 2275 quo
383 2229 527 2266 ceteros
542 2226 735 2266 eoecellitis
752 2226 968 2277 principes,
985 2227 1151 2277 cupiens
1166 2226 1430 2266 dominationi
1448 2228 1573 2265 vestre
1587 2223 1747 2273 servire,

294 2291 414 2331 libros
443 2291 533 2331 Gal.
564 2293 684 2331 duos:
718 2292 765 2331 de
798 2292 1047 2341 flobothomia
1075 2292 1258 2332 videlicet
1291 2305 1433 2342 unum,
1470 2294 1505 2330 et
1539 2290 1667 2329 alium
1702 2289 1750 2327 de

291 2356 470 2397 utilitate
508 2357 798 2408 respirationis,
838 2357 939 2397 satis
976 2358 1097 2397 utiles
1134 2358 1316 2408 quamvis
1345 2370 1508 2408 parvos,
1549 2358 1597 2395 de
1636 2366 1749 2405 yreco

183 2466 268 2500 dass
292 2466 351 2501 die
373 2476 444 2501 von
468 2466 637 2501 Nicolaus
659 2467 855 2502 benutzten
879 2466 1267 2502 Galenhaudsehriften
1291 2476 1362 2502 von
1377 2466 1505 2501 Kaiser
1519 2464 1749 2500 Andronikos

182 2530 229 2555 an
245 2521 363 2564 Konig
378 2522 512 2556 Robert
528 2522 681 2564 gesandt
696 2523 841 2557 worden
858 2523 967 2556 scien.
1012 2523 1076 2557 Ich
1092 2523 1235 2557 mochte
1251 2523 1353 2556 nicht
1368 2522 1606 2562 unterIassen,
1621 2519 1754 2554 darauf

182 2575 437 2619 hinzuweisen,
466 2577 551 2611 dass
575 2577 674 2611 diese
696 2577 915 2612 Provenienz
943 2587 1012 2611 nur
1033 2576 1093 2612 fiir
1115 2578 1195 2612 eine
1218 2577 1278 2612 Hs.
1302 2577 1375 2619 (die
1399 2576 1463 2611 des
1486 2585 1560 2619 sog.
1584 2573 1750 2620 Myamir)

181 2630 366 2674 feststeht3
398 2632 443 2666 ob
469 2632 633 2667 wirklich
656 2633 750 2667 auch
772 2632 842 2667 alle
865 2631 1017 2675 iibrigen
1041 2633 1292 2676 griechischen
1317 2632 1475 2675 Codices,
1499 2632 1558 2665 die
1580 2630 1751 2664 Nicolaus

182 2685 332 2721 benutzt
359 2687 435 2729 hat,
464 2696 529 2722 aus
558 2687 642 2722 dem
664 2687 782 2722 Besitz
806 2687 869 2722 des
892 2687 1037 2722 Kaisers
1065 2688 1161 2722 nach
1183 2687 1423 2722 Unteritalien
1447 2687 1595 2730 gelangt
1620 2694 1749 2727 waren,

181 2740 272 2776 lasst
295 2742 374 2776 sich
398 2743 498 2777 nicht
521 2743 750 2778 ausmachen.
