1980 3118
830 279 1070 316 -5-.

300 408 343 448 Ε
368 408 434 447 nel
453 405 658 448 settembre
683 406 785 446 dello
813 409 935 446 stesso
955 419 1061 446 anno
1079 405 1116 445 si
1136 418 1248 456 paya
1268 405 1348 445 allo
1366 407 1487 444 stesso
1507 403 1630 444 G‘reco
1650 416 1734 443 una

173 473 289 515 oncia
317 486 388 522 per
417 473 457 512 la
486 471 720 510 tradueione
747 471 791 510 di
811 472 906 510 altri
935 471 1027 510 libri
1054 470 1287 510 medicinali
1314 471 1358 509 di
1379 470 1502 509 Greco
1526 469 1571 508 in
1597 469 1732 508 latino.

169 542 230 583 Ivi
258 540 326 580 fol.
357 541 436 579 464
465 536 518 579 t.“

303 606 342 644 S.
373 606 422 644 de
450 605 576 644 Renzi
603 603 664 643 111
693 603 789 642 336:
828 602 930 652 „Nel
957 601 1143 651 Reyistro
1171 614 1211 639 n.
1242 601 1325 639 197
1357 603 1518 652 seynato
1548 600 1653 638 1311
1683 599 1732 640 L.

169 684 203 710 o.
233 669 301 719 fol.
331 670 414 708 275
441 667 595 718 iReyii
613 667 811 711 Tesorieri
838 668 972 706 danno
1000 667 1032 705 il
1062 667 1142 705 loro
1171 669 1281 705 conto
1301 667 1373 715 pel
1400 678 1504 704 mese
1525 664 1569 704 di
1588 666 1734 716 Ayosto

169 733 264 773 dell’
299 747 405 773 anno
434 733 553 783 1309,
595 734 645 772 ed
676 732 723 771 in
756 745 838 772 esso
874 732 1080 782 riportano
1113 731 1207 770 nell’
1241 731 1338 770 esito
1373 734 1562 770 tre¹once
1594 730 1639 769 di
1667 743 1733 769 oro

163 802 316 852 paqate
347 798 547 838 Nicolao
583 797 727 837 Greco
766 799 820 837 de
853 797 1002 848 Reyio
1041 797 1365 847 transferenti
1400 799 1550 835 certos
1585 795 1734 835 libros

168 864 484 903 medicinales
513 864 566 903 de
594 876 730 914 yreco
757 863 809 902 in
838 863 1080 903 latinum“.

264 922 266 925 Α
298 930 435 970 Riccio
457 931 496 969 S.
519 931 569 968 56
591 929 636 980 (J
638 930 709 969 ahr
727 930 837 969 nicht
855 929 1112 980 ersichtlich):
1140 928 1337 978 Magistro
1357 927 1523 967 Nicolao
1542 928 1591 966 de
1608 927 1734 978 Reyio

166 993 430 1044 transferenti
458 993 578 1033 libros
606 993 860 1033 medicinalis
887 993 1049 1033 scientie
1075 995 1124 1033 de
1151 1006 1265 1044 yreco
1293 993 1338 1033 in
1367 993 1538 1033 latinum
1567 1005 1614 1032 ac
1634 993 1733 1032 alios

170 1059 292 1098 libros
326 1058 579 1108 philosophie
605 1071 685 1108 pro
719 1058 878 1097 domino
912 1058 1099 1098 Genitore
1140 1061 1272 1097 nostro
1306 1060 1342 1108 (e
1376 1058 1507 1107 Carlo‚
1551 1059 1656 1097 duca
1690 1058 1733 1096 di

167 1123 371 1174 Calabria,
399 1122 577 1174 fiyliuolo
605 1123 649 1162 di
676 1136 719 1162 re
746 1123 927 1172 Roberto‚
958 1123 1025 1162 che
1044 1123 1184 1172 parla)
1210 1123 1420 1162 solvuntur
1446 1123 1577 1174 yayia.
1631 1124 1730 1177 Reg.

171 1191 274 1230 1310
302 1190 354 1230 H.
384 1191 452 1230 fol.
484 1190 572 1230 54.“

300 1256 339 1294 S.
361 1256 410 1294 de
429 1256 555 1295 Renzi
575 1255 636 1295 III
656 1257 753 1296 336:
782 1256 916 1295 Erlass
935 1255 1069 1307 Konig
1087 1255 1268 1304 Roberts,
1296 1256 1438 1294 datiert
1457 1269 1528 1295 aus
1547 1256 1731 1307 Avignon

166 1333 258 1359 vom
299 1322 335 1358 7.
356 1321 446 1359 Mai
478 1322 599 1369 13223
639 1322 857 1372 wiehtigste
898 1321 1035 1360 Stelle:
1082 1319 1342 1358 Attendentes
1381 1319 1580 1358 diuturna
1614 1322 1730 1369 gyrata

163 1384 392 1436 plurimum
421 1388 457 1424 et
490 1388 651 1436 accepta
679 1385 854 1434 servitia,
885 1398 960 1435 que
987 1385 1179 1435 mayister
1207 1385 1401 1424 Nicolaus
1430 1385 1478 1423 de
1505 1385 1731 1434 Deoprepio

167 1451 214 1487 de
248 1449 386 1499 Reqio,
428 1449 597 1488 dilectus
629 1449 827 1500 physicus
865 1449 1086 1499 familiaris
1126 1453 1164 1488 et
1196 1449 1328 1497 fidelis
1356 1452 1498 1497 noster,
1539 1461 1610 1487 nec
1652 1461 1733 1487 non

166 1513 394 1564 spectabilis
421 1514 502 1554 viri
525 1513 725 1565 Philippi,
754 1514 899 1565 fratris
927 1514 1056 1554 nostri
1088 1514 1302 1564 carissimi,
1324 1514 1528 1565 principis
1556 1513 1731 1563 Tarenti,

158 1580 356 1631 physicus
386 1580 643 1619 eonsiliarius
672 1584 709 1619 et
734 1580 956 1630 familiaris
975 1581 1225 1630 domesticus,
1255 1593 1336 1618 non
1363 1581 1491 1619 solum
1519 1579 1733 1629 salutifera

165 1643 328 1683 scientie
362 1658 434 1683 sue
459 1645 625 1696 peritia,
662 1645 840 1695 quinimo
875 1649 912 1685 et
940 1646 1023 1685 alia
1057 1646 1356 1695 obsequiositate
1391 1645 1588 1685 laudabili
1621 1645 1732 1685 nobis

167 1710 311 1749 abolim
346 1713 382 1749 et
425 1710 527 1750 dicto
562 1710 752 1762 principi,
795 1710 913 1750 immo
953 1710 1113 1760 utrique
1148 1710 1194 1750 in
1236 1711 1359 1750 altero
1394 1724 1443 1750 ex
1483 1710 1732 1761 idemptitate

165 1778 310 1814 nature
333 1776 525 1825 prestitit,
550 1779 707 1825 prestat
735 1778 789 1815 ad
811 1790 979 1826 presens
1009 1780 1045 1815 et
1067 1780 1250 1826 prestare
1275 1776 1425 1825 poterit
1453 1777 1498 1814 in
1523 1777 1732 1824 futurum:

164 1839 311 1878 Eidem
343 1840 534 1890 mayistro
563 1840 731 1880 Nicolao
765 1844 804 1880 et
830 1841 916 1880 suis
945 1841 1156 1881 heredibus
1183 1841 1396 1891 utriusque
1428 1854 1551 1880 sexus
1580 1854 1632 1880 esc
1659 1854 1731 1881 suo

165 1918 327 1954 corpore
361 1906 532 1955 leyitime
567 1906 894 1945 descendentibus
933 1920 1115 1945 annuum
1152 1907 1354 1945 redditum
1389 1907 1603 1945 unciarum
1638 1907 1731 1945 auri

130 2017 134 2020 ¹
164 1969 307 2019 viginti
328 1970 523 2019 ponderis
550 1971 750 2020 yeneralis
770 1968 1060 2021 assiynandum
1079 1971 1166 2020 sibi,
1188 1984 1310 2020 quum
1332 1971 1517 2020 primum
1545 1973 1599 2010 ad
1626 1971 1670 2010 id
1688 1984 1729 2010 se

164 2031 321 2073 comode
361 2035 538 2085 facultas
575 2035 762 2075 obtulerit
800 2036 845 2075 in
877 2036 1026 2086 primis
1068 2036 1320 2076 excadenciis
1359 2036 1564 2085 fiscalibus
1597 2036 1730 2087 Reqni

163 2099 292 2139 nostri
310 2099 448 2139 Sicilie
476 2101 579 2140 citra
596 2100 748 2151 farum,
779 2114 854 2150 que
883 2103 931 2140 de
959 2114 1066 2140 mero
1085 2105 1217 2140 nostro
1238 2101 1419 2141 demanio
1439 2114 1519 2140 non
1538 2102 1728 2151 existant,

163 2163 209 2202 in
242 2168 486 2215 perpetuum
525 2167 681 2212 damus,
726 2166 923 2206 donamus
960 2169 1077 2216 atque
1116 2166 1367 2206 concedimus
1403 2166 1562 2217 proprii
1600 2169 1729 2206 motus

163 2228 361 2281 instinctu
389 2231 437 2269 de
465 2231 702 2270 liberalitate
729 2244 839 2270 mera
867 2234 972 2270 certa
1000 2231 1169 2270 scientia
1197 2235 1235 2270 et
1260 2231 1396 2281 qratia
1424 2232 1600 2281 speciali.
1608 2235 1626 2252 ’ί

291 2295 428 2336 Riccio
458 2296 497 2336 S.
520 2298 588 2337 59:
623 2295 768 2346 „Petro
796 2295 993 2335 Bandetti
1023 2295 1295 2336 elemosinario
1322 2296 1568 2347 Gappellano
1598 2300 1729 2337 nostro

162 2372 235 2405 pro
258 2361 391 2410 pretio
420 2364 706 2410 quaternorum
734 2374 969 2411 magnorum
997 2365 1036 2401 et
1055 2375 1278 2411 parvorum
1302 2363 1350 2401 de
1374 2376 1616 2413 peryameno
1637 2364 1728 2413 156,

161 2422 207 2463 in
249 2424 393 2474 quibus
435 2425 555 2466 scribi
595 2425 764 2477 fecimus
805 2429 932 2467 certas
965 2426 1150 2477 Istorias,
1193 2427 1414 2478 Sermones,
1459 2431 1500 2468 et
1539 2428 1730 2469 diversa

160 2501 303 2538 opera
330 2491 542 2540 Galieni,
572 2492 829 2544 Damasceni,
857 2492 910 2532 B.
936 2493 1171 2544 Auqustim,
1201 2493 1358 2544 Seneee,
1388 2494 1542 2533 domini
1570 2495 1731 2533 Andree

161 2553 210 2592 de
244 2554 407 2596 Isernia
441 2559 479 2596 et
504 2559 707 2614 ²certorum
742 2557 928 2597 aliorum.
986 2557 1069 2598 Sub
1104 2558 1169 2598 die
1203 2560 1257 2598 14
1285 2559 1463 2610 Augusti
1500 2559 1556 2599 90
1580 2559 1727 2600 Indict.

160 2631 267 2659 anno
295 2622 414 2662 1341.
471 2624 571 2676 Reg.
606 2625 708 2664 1328
738 2624 770 2664 C
799 2625 864 2664 fol.
882 2627 960 2665 382
977 2624 1028 2664 t.“

290 2687 356 2726 Da
382 2701 463 2727 nun
489 2689 552 2727 die
572 2680 894 2743 Ubersetzungen
921 2703 997 2730 von
1025 2689 1186 2731 Galen⁷s
1207 2691 1421 2731 Historia
1448 2692 1731 2745 philosopha

164 2751 242 2790 und
278 2753 606 2806 Subfiguratio
647 2757 873 2807 empirica
906 2770 983 2796 von
1017 2757 1204 2796 Nicolaus
1243 2759 1327 2796 laut
1361 2758 1639 2810 Subskription
1676 2759 1730 2797 im
