1980 3118
839 223 1081 261 „37-

176 349 459 400 necessarium,
501 350 689 400 quoniam
726 350 887 401 quidem
921 350 1126 391 contraria
1166 351 1459 390 contrariorum
1493 354 1589 390 sunt
1625 363 1741 391 sana-

177 417 303 458 tiones
323 439 374 444 —
391 414 460 455 hoc
480 415 586 456 enim
605 419 803 456 ostensum
823 420 879 458 est
897 429 980 457 esse
1000 430 1204 457 commune
1223 420 1260 457 et
1272 416 1456 468 primum
1476 416 1652 456 omnium
1671 430 1741 466 -‚·

178 482 323 523 deinde
356 482 543 532 quoniam
571 482 626 532 id,
656 485 761 532 quod
795 486 851 523 est
878 484 923 522 in
946 483 1079 534 primo
1106 485 1240 533 qradu
1268 483 1457 531 calidum,
1488 482 1525 521 ei
1553 483 1656 531 quod
1686 486 1742 521 est
1765 495 1829 525 335

177 547 399 589 secundum
430 547 609 598 primum
641 550 813 599 yradum
845 548 1064 601 friyidum;
1099 548 1242 588 deinde
1270 551 1553 598 consequenter
1587 549 1741 599 qradus

177 613 404 653 calidarum
446 613 721 664 eyritudinum
762 618 800 654 et
844 614 1116 665 farmacorum
1157 613 1503 666 infriyidantium,
1550 613 1657 653 sieut
1697 613 1737 652 in

178 678 292 718 libris
320 678 390 727 qui
419 680 467 717 de
484 679 692 729 farmaciis
721 683 920 720 ostensum
949 683 1017 720 est.
1056 680 1141 728 Quo
1171 683 1207 719 et
1233 679 1506 730 manifestum,
1537 678 1739 728 quoniam,

176 745 437 792 ondecunque
464 743 658 793 inceperit
677 745 766 793 quis
794 745 981 794 incidere,
1011 744 1049 784 si
1074 747 1175 784 recte
1204 744 1348 784 incidit
1375 756 1501 793 usque
1531 745 1584 800 ad
1603 743 1740 782 vltima

178 812 214 848 et
258 808 507 848 elementalia
548 809 801 860 theoremata,
844 823 893 860 pe
901 809 1076 858 <r>uenit
1123 811 1176 849 ad
1222 809 1428 848 scientiam
1477 822 1623 859 eorum,
1667 822 1742 858 que
1763 820 1829 851 340

175 873 285 913 dicta
313 877 420 915 sunt.

309 938 573 993 [Capitulum
606 940 792 989 quintum
821 944 859 980 et
891 941 1086 991 vltimum,
1115 940 1161 979 in
1188 953 1264 989 quo
1293 940 1469 979 declarat
1497 940 1543 978 in
1569 952 1738 987 summa,

151 1035 154 1038 .
177 1018 253 1055 que
272 1005 379 1044 dicta
404 1008 500 1044 sunt
514 1005 600 1058 (in)
615 1006 844 1045 immediate
869 1005 1172 1055 precedentibus
1192 1005 1346 1044 duobus
1365 1005 1566 1055 capitulis,
1588 1007 1626 1043 et
1649 1017 1739 1044 cum

175 1069 247 1109 hoc
281 1069 386 1109 tollit
414 1083 439 1109 a
465 1070 585 1110 Justo
618 1071 894 1120 turbationem,
926 1084 1045 1121 quam
1074 1071 1237 1110 habebat
1266 1084 1315 1109 ex
1348 1071 1510 1109 diuersa
1539 1069 1740 1109 diuisione

176 1134 416 1174 medicatiue
444 1134 584 1190 artis-‚J
1278 1187 1281 1189 Β
1762 1144 1828 1175 345

306 1200 384 1240 ΙΧ.
424 1201 477 1240 Ut
505 1204 640 1240 autem
667 1201 817 1240 clarius
846 1201 976 1240 adhuc
1004 1201 1152 1251 scia-tis,
1188 1202 1251 1241 hic
1279 1201 1454 1241 alicuius
1483 1201 1652 1240 alterius
1680 1201 1739 1239 in-

175 1266 339 1305 cisionis
357 1266 507 1316 faciam
536 1267 763 1305 memoriam
792 1270 830 1306 et
857 1266 1033 1306 maxime
1060 1266 1148 1305 eius
1167 1279 1249 1316 qua
1277 1266 1504 1305 multotiens
1532 1278 1633 1305 usus
1660 1265 1736 1315 fui.

176 1331 330 1371 Eorum
369 1332 486 1382 enim,
527 1345 603 1381 que
639 1335 734 1371 sunt
777 1332 883 1371 circa
927 1344 1069 1381 corpus
1109 1331 1291 1380 hominis,
1334 1332 1417 1370 alia
1450 1331 1610 1380 quidem
1642 1333 1741 1369 sunt

175 1397 396 1435 secundum
424 1400 631 1446 naturam,
661 1396 746 1435 alia
773 1409 864 1436 vero
878 1399 1015 1447 preter
1033 1399 1224 1435 naturam
1230 1409 1244 1444 ,·
1273 1399 1309 1435 et
1337 1409 1483 1445 eorum,
1504 1408 1579 1444 que
1607 1398 1740 1444 preter

176 1465 379 1513 naturam,
406 1461 491 1501 alia
510 1461 668 1511 quidem
686 1463 947 1512 [secundum]
971 1461 1002 1513 (.
1021 1494 1030 1502 .
1048 1461 1080 1513 .)
1097 1461 1355 1512 eyritudines,
1381 1460 1465 1500 alia
1482 1473 1573 1499 vero
1592 1459 1739 1499 sintho-
1762 1467 1827 1497 350

175 1529 296 1566 mata.
337 1526 498 1566 Horum
518 1530 650 1566 autem
670 1539 788 1566 cause
808 1526 839 1579 (.
859 1558 866 1565 .
885 1526 917 1579 .)
943 1539 1089 1577 eorum,
1116 1539 1191 1575 que
1214 1529 1311 1565 sunt
1338 1525 1497 1575 quidem
1520 1526 1740 1565 secundum

175 1594 379 1642 naturam,
398 1592 609 1631 scientiam
628 1591 804 1631 custodie
822 1594 973 1641 oportet
991 1591 1130 1631 habere
1149 1591 1359 1641 medicum,
1390 1604 1523 1630 eorum
1541 1604 1644 1640 vero,
1665 1603 1740 1639 que

168 1660 307 1708 preter
326 1660 528 1707 naturam,
548 1656 868 1707 interemptionis
887 1656 1118 1697 communis.
1161 1656 1288 1705 Quale
1307 1659 1441 1696 autem
1461 1664 1543 1696 esse
1561 1655 1741 1696 convenit

175 1726 396 1774 vtrumque,
413 1727 612 1763 ostensum
633 1726 690 1763 est
702 1736 780 1773 per
799 1722 883 1763 alia
889 1736 903 1772 ;
931 1725 1001 1762 sed
1021 1724 1074 1763 ad
1087 1736 1256 1773 presens
1275 1723 1330 1772 id,
1357 1724 1462 1772 quod
1484 1721 1739 1773 proponitur,

175 1789 494 1828 examinandum
524 1793 593 1829 est.
643 1789 861 1841 Sinyulum
884 1790 1159 1840 predictorum
1189 1793 1339 1839 oportet
1367 1789 1548 1829 diuidere
1568 1788 1740 1839 propria
1762 1793 1826 1822 355

174 1854 389 1904 incisione,·
417 1868 597 1895 seorsum
632 1858 767 1895 autem
801 1856 850 1895 de
881 1869 962 1895 uno
991 1869 1143 1905 quoque
1176 1855 1373 1907 scriptum
1407 1859 1475 1906 est,
1511 1856 1558 1894 de
1594 1854 1738 1904 eyritu-

305 1976 372 2007 333
393 1976 481 2017 quod
502 1976 635 2017 quidem
657 1976 691 2008 Β
784 1977 960 2009 333-334
982 1978 1029 2008 est
1052 1978 1218 2009 ostensum
1242 1986 1307 2009 esse
1397 1976 1573 2008 336—337
1591 1976 1691 2016 ,inter
1706 1975 1737 2006 A

175 2033 407 2072 consequenter
417 2031 451 2063 Β
522 2032 590 2063 337
597 2031 860 2072 pharmacorum
876 2031 911 2064 Β
981 2033 1048 2065 338
1057 2032 1277 2074 manifestum
1288 2032 1374 2073 quod
1387 2031 1420 2064 Β
1487 2031 1696 2072 340peuenit
1706 2032 1739 2063 A

167 2085 328 2126 peruenit
351 2085 385 2117 Β
551 2086 728 2117 342-345
748 2086 833 2126 fehlt
858 2086 896 2118 in
919 2086 954 2118 B
1120 2087 1189 2118 347
1209 2087 1399 2122 incisionem
1422 2086 1453 2117 A
1482 2085 1680 2118 incisionum
1705 2086 1739 2117 B

175 2141 243 2172 347
262 2139 432 2172 multoties
444 2140 478 2172 B
601 2141 668 2172 348
678 2140 812 2173 Earwm
823 2140 857 2173 A
879 2140 1010 2173 Eorum
1023 2140 1058 2173 B
1184 2142 1250 2173 350
1272 2140 1450 2181 seeundum
1473 2139 1693 2182 symptomata
1705 2139 1739 2172 Β

174 2195 240 2227 354
262 2196 443 2235 utrumque
465 2194 500 2227 B
631 2195 698 2227 356
718 2205 911 2236 unoquoque
933 2195 967 2227 Β

304 2291 369 2324 333
392 2292 433 2322 τά
448 2292 578 2322 ἐναντία
593 2294 657 2323 τῶν
672 2292 822 2322 ἐναντίων
841 2292 924 2322 ἐστὶν
941 2292 1064 2331 ἰάματα
1089 2291 1164 2334 [vgl.
1182 2290 1284 2324 Galen
1302 2291 1317 2323 I
1340 2302 1371 2333 p.
1390 2291 1428 2322 71
1446 2289 1561 2329 Kfihn3
1585 2290 1645 2323 der
1662 2289 1738 2323 Satz

174 2348 308 2377 stammt
324 2356 382 2377 aus
398 2344 621 2387 Hippocrates
643 2345 685 2378 de
707 2345 842 2378 flatibus
866 2356 893 2379 e.
913 2346 927 2376 1
954 2345 991 2386 (t.
1007 2345 1055 2377 VI
1078 2357 1111 2388 p.
1127 2345 1167 2377 92
1191 2344 1295 2378 Littre
1312 2359 1352 2371 =
1368 2356 1400 2387 p.
1416 2346 1491 2386 6,10
1513 2344 1670 2384 Nelson):
1693 2347 1739 2376 ἐνὶ

173 2401 211 2431 δὲ
234 2401 377 2440 συντόμῳ
399 2399 489 2440 λόγῳ
505 2401 546 2431 τά
567 2401 696 2431 ἐναντία
719 2400 781 2431 τῶν
806 2401 957 2431 ἐναντίων
977 2401 1062 2431 ἐστιν
1085 2399 1219 2442 ἰήματα]
1308 2400 1371 2433 338
1393 2400 1498 2439 ὥσπερ
1522 2400 1556 2430 ἐν
1577 2403 1644 2437 τοῖς
1666 2402 1740 2438 περὶ

172 2456 358 2495 φαρμάκων
375 2455 505 2493 βιβλίοις
521 2456 684 2486 δέδεικται
700 2454 763 2496 (ΧΙ
777 2454 841 2487 379
849 2454 871 2487 f.
889 2454 1005 2495 Kfihn)
1072 2456 1246 2489 348—349
1260 2456 1346 2485 κατὰ
1361 2455 1452 2494 φύσιν
1469 2480 1476 2487 .
1493 2479 1501 2487 .
1519 2478 1526 2485 .
1542 2456 1632 2494 παρά
1647 2455 1738 2494 φῦσιν

173 2510 238 2543 349
261 2509 339 2542 Man
357 2513 511 2542 erwartet
531 2509 709 2553 folgenden
727 2506 926 2543 Gedanken:
949 2511 1008 2541 καὶ
1029 2513 1094 2541 τῶν
1117 2511 1174 2550 μὲν
1196 2511 1285 2548 παρὰ
1308 2510 1399 2548 φύσιν
1418 2510 1460 2539 τά
1481 2510 1538 2549 μὲν
1557 2510 1738 2552 νοσήματα,

174 2563 232 2603 (τά
256 2565 291 2594 δὲ
314 2563 430 2605 αἴτια),
457 2566 499 2594 τά
530 2565 568 2595 δὲ
595 2565 823 2603 συμπτώματα.
868 2566 993 2595 τοῦτον
1019 2566 1055 2595 δὲ
1083 2566 1125 2594 τά
1154 2566 1240 2594 αῑτια
1268 2563 1294 2603 <.
1318 2587 1326 2594 .
1350 2587 1358 2595 .
1381 2563 1455 2604 καὶ)
1478 2567 1542 2594 τῶν
1566 2565 1624 2602 μὲν
1651 2566 1740 2594 κατὰ

172 2618 264 2657 φῦσιν
294 2619 469 2659 ἐπιστήμην
499 2619 650 2659 φυλακῆς
678 2618 765 2659 ἔχειν
795 2619 858 2659 χρὴ
886 2619 943 2650 τὸν
972 2620 1095 2660 ἰατρόν,
1129 2620 1189 2649 τῶν
1220 2618 1255 2649 δὲ
1283 2618 1370 2657 παρὰ
1398 2617 1488 2656 φῦσιν
1517 2618 1662 2659 ἐκκοπῆς
1687 2619 1738 2659 (2).

174 2676 358 2704 communis
381 2672 488 2704 bleibt
512 2672 636 2705 dunkel
823 2673 888 2706 356
910 2674 1011 2712 χωρὶς
1034 2674 1070 2703 δὲ
1091 2674 1163 2711 περὶ
1185 2673 1257 2709 ἐνὸς
1280 2673 1421 2702 ἑκάστου
1444 2673 1649 2711 γέγραπται·
1665 2674 1741 2710 περὶ

171 2727 230 2765 μὲν
255 2730 319 2758 τῶν
341 2729 531 2767 νοσημάτων
555 2727 589 2757 ἐν
612 2730 656 2767 τῷ
671 2728 744 2765 περὶ
767 2728 928 2766 διαφορᾶς
950 2728 1139 2767 νοσημάτων
1155 2726 1270 2765 βιβλίῳ,
1294 2726 1366 2765 περὶ
1381 2726 1417 2757 δὲ
1432 2729 1495 2757 τῶν
1514 2727 1625 2758 αἰτίων
1640 2729 1740 2767 χωρὶς
