1980 3118
896 132 1140 172 -32—

223 263 365 309 partes
379 259 581 299 diuisione
589 264 681 309 (m),
703 260 824 299 totius
844 260 1082 300 medicatiue
1101 263 1155 299 tot
1166 259 1398 310 particulas
1413 260 1605 301 dixerunt
1624 259 1803 309 asistere,

229 328 324 375 quot
341 328 439 365 sunt
457 324 687 378 differentie
705 326 1011 379 dispositionum
1016 340 1030 377 ,·
1061 325 1226 376 quidam
1254 329 1386 366 autem
1404 339 1485 366 non
1505 326 1553 367 ab
1573 326 1636 366 his
1660 325 1802 376 solum,

229 392 299 430 sed
328 391 447 430 etiam
478 391 525 430 ab
556 391 664 430 omni
692 392 882 431 vniuersa
902 392 1083 441 materia,
1114 391 1232 431 cuius
1250 391 1430 432 medicus
1450 391 1566 432 habet
1583 391 1802 442 scientiam,

230 456 300 506 qui
328 459 367 496 et
387 456 749 509 phys<i>oloyicam
779 460 815 497 et
839 460 1017 497 vocatam
1035 457 1205 509 proprie
1235 456 1483 498 materialem
1503 470 1595 497 cum
1606 456 1805 507 predictis

141 536 207 566 220
230 522 332 561 artis
340 522 532 572 partibus
551 526 854 563 connumerant.
886 523 1063 572 Quidam
1084 526 1217 563 autem
1232 523 1282 562 ab
1301 522 1485 563 omnibus
1505 521 1804 573 operationibus

229 587 521 638 distinyuentes
547 591 691 638 partes
727 588 827 629 artis
855 588 962 628 vltra
990 588 1138 628 dietam
1169 591 1204 628 et
1238 587 1467 640 cyruryiam
1496 591 1534 627 et
1565 588 1804 639 farmaciam

231 652 478 692 addiderunt
500 653 770 704 siynatiuam;
798 653 964 703 quidam
996 656 1128 692 autem
1153 653 1382 693 diuidentes
1408 666 1495 692 eam
1519 653 1564 692 in
1584 653 1804 703 pathoyno-

229 717 429 756 monicam
465 722 502 757 et
534 719 807 768 pronosticam
849 719 1097 758 addiderunt
1137 732 1204 758 eas
1245 731 1334 757 cum
1369 718 1566 767 predictis
1599 717 1802 766 partibus.

229 782 411 821 Plurimi
438 795 530 822 vero
560 783 856 833 empericorum,
886 783 1031 833 finales
1053 787 1195 834 partes
1230 783 1405 823 dicentes
1438 795 1522 823 esse
1554 781 1804 833 siqnatiuam
1841 797 1845 802 ’

115 854 117 857 ’
142 862 206 892 225
230 851 269 887 et
297 848 527 888 curatiuam
558 852 593 888 et
621 853 798 889 vocatam
827 850 1072 899 sanatiuam,
1092 850 1138 889 in
1166 849 1361 890 incisione
1380 849 1564 889 curatiue
1577 850 1805 898 posuerunt

230 912 380 952 dietam
411 916 446 952 et
478 913 718 965 sarmaciam
747 917 786 954 et
820 915 1050 967 cyruryiam
1078 918 1119 955 vt
1142 918 1292 967 partes,
1323 917 1534 966 peccantes
1567 913 1728 965 quidem
1759 911 1805 953 in

230 979 574 1020 nominationibus
607 1004 645 1009 —
668 984 818 1031 oportet
838 981 943 1021 enim
969 995 1034 1021 eos
1059 995 1140 1021 non
1164 981 1438 1031 operationum
1457 982 1527 1019 sed
1545 979 1805 1019 scientiarum

229 1044 394 1083 nomina
423 1045 553 1084 dicere
572 1069 636 1095 —,
657 1059 737 1085 non
760 1049 893 1085 tamen
912 1046 957 1086 in
976 1047 1096 1086 rebus
1114 1046 1331 1097 falluntur.
1367 1045 1521 1085 Melius
1541 1048 1674 1085 autem
1694 1046 1803 1093 esset,

230 1110 335 1149 sicut
369 1114 404 1150 et
438 1111 580 1150 dicunt
613 1112 779 1160 quidam
809 1126 858 1151 ew
887 1112 954 1161 eis,
991 1113 1170 1161 aliquam
1205 1112 1363 1161 quidem
1389 1115 1551 1161 partem
1587 1110 1688 1149 artis
1723 1122 1804 1149 esse

142 1187 208 1217 230
231 1175 562 1226 siqnificatiuam,
613 1177 737 1215 aliam
780 1190 869 1216 vero
912 1177 1156 1225 curatiuam,
1206 1177 1330 1216 aliam
1374 1179 1508 1216 autem
1550 1174 1806 1221 sanatiuam;

231 1240 434 1292 siynatiue
468 1254 559 1281 vero
590 1255 671 1281 esse
698 1245 859 1292 partem
888 1241 1288 1294 pathoynomonicam
1321 1245 1358 1282 et
1380 1241 1665 1291 pronosticam,
1700 1240 1805 1280 sicut

232 1309 268 1344 et
296 1307 481 1345 curatiue
500 1307 604 1346 hanc
624 1307 787 1356 quidem
810 1308 1085 1358 farmacalem,
1112 1308 1215 1347 hanc
1245 1311 1377 1347 autem
1406 1306 1701 1358 cyrurqicam†
1713 1316 1805 1354 pre-

231 1373 431 1411 cederunt.
486 1371 623 1424 Iyitur
652 1376 698 1412 ut
725 1373 867 1413 dicunt
889 1373 1072 1423 primam
1100 1373 1145 1412 in
1172 1373 1520 1424 qeneralissimam
1548 1373 1593 1415 in
1616 1371 1805 1422 partibus

230 1437 471 1476 medicatiue
499 1437 774 1489 differentiam
804 1439 848 1477 in
883 1439 1046 1479 essendo
1076 1439 1180 1478 alias
1209 1439 1368 1488 quidem
1396 1438 1552 1487 finales,
1584 1436 1688 1477 alias
1716 1448 1804 1475 vero

142 1510 208 1541 235
231 1502 527 1553 constitutiuas,
549 1504 695 1554 optime
714 1504 867 1544 dictum
888 1508 955 1545 est.
1004 1504 1175 1544 Finales
1204 1504 1311 1544 enim
1339 1507 1447 1553 sunt,
1469 1517 1543 1553 que
1571 1502 1693 1551 finem
1716 1501 1804 1551 effi-

233 1568 365 1616 ciunt;
400 1569 657 1608 constitutiue
678 1583 779 1620 vero,
801 1583 876 1619 que
895 1573 991 1609 sunt
1020 1569 1314 1609 constitutionis
1343 1582 1484 1608 earum
1513 1571 1561 1618 et,
1591 1571 1637 1607 ut
1665 1566 1806 1615 utique

232 1632 342 1672 dicat
362 1632 464 1682 quis,
486 1634 694 1674 ewistentie
716 1648 849 1675 causa.
880 1635 1038 1675 Putare
1057 1639 1192 1676 tamen
1211 1635 1460 1687 siynatiuam
1489 1631 1804 1689 equiparabilem

234 1711 316 1737 esse
343 1699 534 1737 sanatiue
563 1703 598 1738 ct
627 1701 810 1739 caratiae
824 1701 940 1750 parti
970 1701 1072 1740 artis
1097 1714 1178 1740 non
1203 1703 1305 1739 recte
1324 1700 1475 1740 dictum
1497 1702 1573 1748 est;
1601 1700 1649 1738 de
1674 1709 1802 1737 neces-

232 1764 350 1803 sitate
380 1777 470 1803 vero
482 1766 665 1814 precedit
695 1779 747 1815 eo,
775 1768 879 1815 quod
898 1779 979 1805 non
998 1766 1045 1815 fit
1066 1766 1332 1816 prouidentia
1363 1766 1539 1805 alicuius
1559 1776 1686 1814 neque
1706 1774 1806 1802 cura

143 1837 209 1867 240
232 1829 379 1878 absque
398 1832 504 1878 quod
529 1834 789 1880 coynoscatur
807 1831 1013 1880 dispositio
1033 1832 1139 1870 circa
1165 1843 1309 1880 corpus
1329 1830 1462 1880 qualis
1481 1829 1534 1869 sit
1539 1842 1553 1878 ;
1571 1841 1652 1868 non
1672 1831 1806 1867 tamen

362 1942 428 1972 216
451 1940 649 1972 diuisionem
673 1941 707 1972 B
882 1942 948 1972 219
964 1941 1224 1982 physioloqicam
1246 1941 1281 1973 B
1459 1941 1523 1973 221
1546 1939 1750 1980 chirurgiam
1773 1939 1805 1970 et

226 1994 459 2035 pharmaciam
482 1994 516 2027 Β
638 1990 704 2028 223
719 1996 972 2037 proqnosticam
994 1996 1028 2028 B
1146 1997 1212 2028 224
1235 1996 1472 2036 empiricorum
1493 1995 1527 2027 B
1640 1995 1705 2025 231
1722 2002 1804 2033 pro-

227 2049 413 2089 qnosticam
436 2049 471 2081 B
556 2051 626 2082 232
639 2049 894 2091 pharmacalem
916 2050 951 2082 Β
1038 2051 1107 2082 232
1126 2049 1349 2090 chiruryicam
1372 2049 1406 2082 B
1493 2050 1558 2082 233
1582 2047 1806 2081 Procederwnt

231 2104 339 2144 iyitur
374 2104 406 2135 A
440 2104 686 2145 praeciderunt.
742 2105 861 2146 Iyitur
891 2105 934 2137 Β.
990 2105 1066 2137 Das
1096 2104 1189 2136 Wort
1225 2105 1446 2145 preeederunt
1488 2104 1613 2136 scheint
1654 2101 1806 2134 verderbt

231 2159 297 2189 233
315 2158 465 2198 primam
489 2160 521 2191 et
539 2159 827 2200 yeneralissimam
852 2168 919 2192 esse
939 2159 1092 2200 partibus
1114 2158 1148 2190 B
1312 2159 1377 2191 234
1398 2159 1437 2191 in
1459 2168 1495 2191 eo
1517 2158 1605 2199 quod
1625 2156 1714 2189 aliae
1735 2155 1806 2187 sint

231 2212 363 2253 quidem
385 2212 514 2253 finales,
538 2212 628 2245 aliae
649 2223 725 2245 vcro
747 2213 985 2246 constitutiuae
1006 2212 1040 2245 B
1147 2213 1214 2245 239
1236 2223 1302 2246 non
1324 2213 1370 2246 sit
1391 2213 1425 2245 B
1525 2213 1702 2245 239-240
1724 2220 1806 2243 cura

231 2267 300 2298 nisi
321 2269 540 2307 coynoscatur
561 2267 595 2299 Β

361 2363 427 2396 219
463 2363 495 2394 οἳ
528 2366 586 2394 καὶ
620 2365 657 2394 τὸ
691 2366 926 2405 φυσιολογικόν
959 2366 1018 2395 καὶ
1056 2365 1093 2394 τὸ
1131 2364 1336 2403 καλούμενον
1372 2365 1462 2401 ἰδίως
1501 2364 1612 2394 ὑλικόν
1650 2363 1704 2393 σὺν
1737 2364 1804 2398 τοῖς

231 2419 479 2457 προειρημένοις
494 2420 553 2457 τῆς
568 2420 688 2458 τέχνης
705 2420 815 2457 μέρεσι
830 2419 1079 2458 συναριθμοῦσιν
1170 2418 1234 2450 222
1257 2419 1294 2448 τὸ
1311 2419 1522 2457 σημειωτικόν
1612 2417 1678 2450 223
1699 2416 1804 2446 παθο-

231 2472 434 2512 γνωμονικὸν
458 2473 516 2503 καὶ
538 2474 781 2512 προγνωστικὸν
893 2473 958 2506 232
983 2473 1088 2513 ὥσπερ
1111 2474 1169 2503 καὶ
1192 2475 1249 2503 τοῦ
1271 2473 1509 2511 θεραπευτικοῦ
1533 2473 1571 2503 τὸ
1595 2472 1650 2511 μὲν
1675 2479 1804 2510 φαρμα-

231 2528 391 2565 κευτικὸν,
416 2528 453 2557 τὸ
477 2528 514 2558 δὲ
535 2530 766 2567 χειρουργικόν
905 2528 969 2561 235
993 2528 1109 2558 τελικὰ
1131 2529 1196 2566 γάρ
1219 2529 1286 2558 ἐστι
1309 2528 1349 2557 τὰ
1372 2528 1409 2558 τὸ
1433 2526 1530 2563 τέλος
1553 2527 1805 2564 διαπράττονται,

232 2582 410 2611 συστατικὰ
439 2582 475 2612 δὲ
502 2583 543 2612 τὰ
571 2584 629 2622 τῆς
659 2583 840 2619 συστάσεως
869 2583 974 2613 αὐτῶν
999 2582 1059 2612 καὶ
1080 2582 1125 2619 ὡς
1150 2581 1189 2612 ἂν
1215 2582 1368 2620 εἴποιτις
1397 2581 1562 2620 ὑπάρξεως
1590 2580 1701 2612 ἕνεκεν
1726 2579 1805 2611 ὄντα

231 2638 296 2671 239
319 2638 353 2675 ἐξ
378 2639 528 2678 ἀνάγκης
552 2639 588 2669 δὲ
610 2643 802 2678 προηγεῖται
