1980 3118
877 151 1120 190 -24—

211 278 441 318 diuidentes
476 291 568 317 cum
594 278 791 329 predictis
828 279 1019 328 partibus
1054 279 1179 318 aliam
1206 282 1366 329 partem
1393 291 1574 330 paruam
1607 291 1702 319 moae
1740 278 1783 317 in

144 357 190 388 20
207 344 346 395 prima
366 347 656 384 connumerant
679 344 891 395 diuisione,
918 344 1190 394 vocitatiuam,
1220 345 1294 384 alii
1313 344 1473 395 quidem
1492 344 1728 394 simpliciter
1750 347 1788 383 et

211 409 532 458 indeterminate,
561 408 636 448 alii
654 421 745 449 vero
770 422 863 449 cum
892 423 933 449 eo
963 411 1069 460 quod
1097 409 1364 449 determinant
1393 412 1430 449 et
1458 409 1673 449 ostendunt
1699 412 1786 449 tum

211 475 371 525 quidem
393 474 451 514 eis
479 474 550 523 qui
579 476 632 514 ad
656 475 687 527 (.
712 507 719 514 .
742 475 774 528 .>
798 475 996 524 idoneam,
1026 478 1112 515 tum
1142 475 1260 515 etiam
1289 475 1346 515 eis
1371 475 1442 525 qui
1465 475 1687 515 secundum
1714 488 1786 514 na—

211 544 347 580 turam
366 553 408 579 se
425 540 566 579 volunt
585 539 738 589 habere,
759 543 806 579 ut
824 540 930 579 sicut
948 540 1090 579 volunt
1106 540 1250 580 habere
1268 539 1370 580 alios
1390 543 1516 590 actus,
1536 540 1596 580 ita
1615 539 1787 580 habeant

211 609 249 645 et
274 618 414 646 vocem.
463 605 543 645 Sed
567 605 627 644 hii
650 605 811 654 quidem
835 618 1047 654 nunquam
1068 605 1308 655 peruenient
1333 609 1379 645 ut
1396 605 1610 654 vnicuique
1636 618 1785 654 eorum,

144 686 189 716 25
212 670 283 721 qui
310 671 534 711 secundum
563 670 779 723 (naturam
802 673 965 710 actuum
989 670 1198 722 propriam
1224 670 1468 724 attribuant>
1494 673 1651 721 partem
1672 670 1785 712 artis.

212 736 268 775 Et
295 736 493 785 siquidem
512 735 572 775 ita
599 735 799 786 fecissent,
829 735 991 775 haberet
1020 735 1199 785 aliquam
1227 736 1423 775 rationem
1452 735 1602 775 diuisio
1630 748 1787 784 eorum,·

211 802 281 842 sed
300 801 398 852 quia
419 815 552 841 omnes
573 801 673 842 alios
692 801 942 851 relinquunt,
969 801 1090 841 vnius
1108 815 1199 841 vero
1217 801 1343 841 solius
1362 801 1522 852 faciunt
1541 801 1785 852 memoriam,

211 866 425 916 manifeste
452 866 707 915 redarquunt
735 878 776 904 se
810 865 932 915 ipsos,
968 867 1074 915 quod
1103 866 1344 905 amethodice
1382 869 1419 905 et
1451 866 1600 916 absque
1633 866 1789 905 ratione

210 931 371 982 faciunt
391 930 632 970 diuisionem
648 933 721 970 aut
734 943 861 980 neque
882 930 952 979 (si)
967 945 1044 982 per
1062 931 1266 972 maximas
1284 934 1422 981 partes
1442 930 1786 982 pertransierunt,

145 1010 190 1041 30
212 998 454 1037 concordant
474 995 702 1035 adinuicem
723 997 771 1036 de
789 996 936 1037 harum
954 998 1142 1047 ipsarum
1156 996 1357 1036 diuisione
1378 997 1431 1036 ad
1449 997 1624 1036 minores
1633 999 1785 1047 partes.

211 1062 299 1103 Alii
328 1066 473 1112 autem,
509 1062 681 1112 quedam
710 1062 871 1113 quidem
904 1062 1179 1114 predictorum
1210 1065 1403 1113 ponentes
1436 1065 1483 1102 ut
1515 1065 1666 1114 partes,
1706 1076 1788 1102 non

207 1142 345 1180 pauca
370 1128 542 1181 aut(em)
565 1128 821 1178 obmittentes,
847 1129 1129 1179 superaddunt
1155 1128 1210 1168 eis
1236 1128 1340 1167 alias
1364 1130 1589 1168 secundum
1609 1128 1788 1178 primam

204 1204 304 1234 ‘mox
323 1193 578 1242 diuisionem,
604 1193 711 1233 sicut
728 1194 799 1243 qui
818 1194 1014 1234 dixerunt
1035 1193 1313 1244 phisioloqi<c>
1323 1207 1387 1233 am
1408 1197 1444 1233 et
1464 1194 1785 1245 passioloyicam.

211 1259 301 1298 Alii
330 1262 463 1298 autem
492 1259 633 1298 dicunt
658 1262 694 1297 et
713 1260 960 1299 materialem
984 1260 1110 1299 simul
1134 1272 1224 1298 cum
1249 1259 1350 1308 istis,
1377 1259 1482 1298 sicut
1506 1262 1545 1298 et
1569 1258 1643 1298 alii
1667 1258 1788 1309 siqni-

145 1336 189 1367 35
211 1323 433 1374 ficatiuam,
464 1323 539 1363 alii
568 1327 700 1364 autem
730 1325 1045 1376 causioloqicam.

344 1388 607 1444 [Capitulum
635 1390 694 1428 II
717 1390 895 1430 doctrine
918 1391 1051 1441 prime
1081 1392 1130 1430 de
1157 1390 1358 1430 diuisione
1383 1390 1623 1429 medicatiue
1649 1403 1788 1429 secun-

212 1458 309 1495 dum
340 1455 566 1506 empericos,
596 1455 858 1505 improbando
888 1454 992 1510 eos]

343 1520 406 1562 ΙΙ.
450 1519 658 1571 Emperici
684 1524 828 1571 autem,
858 1521 942 1572 fere
973 1535 1109 1561 ornnes
1137 1523 1418 1561 concordantes
1439 1521 1716 1574 adinu(i)cem
1743 1521 1788 1561 in

212 1587 398 1637 faciendo
425 1589 587 1636 partem
623 1586 724 1625 artis
753 1586 956 1636 duplicem
979 1587 1159 1636 primam
1193 1590 1231 1626 et
1264 1588 1484 1626 secundum
1517 1600 1645 1638 yenus
1674 1586 1789 1638 diffe-

146 1663 190 1693 40
213 1651 400 1700 rentiam,
427 1651 533 1690 alias
558 1654 691 1690 autem
718 1664 855 1690 earum
880 1651 1035 1701 finales,
1064 1652 1167 1691 alias
1191 1665 1281 1691 vero
1306 1653 1589 1692 constitutiuas
1614 1652 1789 1692 dicentes

213 1730 308 1766 esse,
339 1730 421 1756 non
451 1718 691 1755 concordant
721 1716 948 1755 adinuicem
968 1717 1012 1755 in
1042 1717 1186 1755 harum
1215 1717 1397 1766 ipsarum
1427 1708 1802 1757 connumeratione(

213 1781 391 1830 Quidam
416 1780 524 1820 enim
549 1793 687 1819 eorum
710 1780 854 1829 finales
878 1781 1072 1821 diccerunt
1096 1794 1180 1821 esse
1204 1781 1451 1832 siqnatiuam
1480 1785 1518 1821 et
1541 1782 1790 1830 curatiuam,·

213 1846 288 1886 alii
314 1859 405 1885 vero
434 1846 524 1897 [in]
552 1849 734 1885 uocatam
769 1847 1015 1896 sanatiuam,
1053 1847 1125 1886 alii
1155 1851 1287 1886 autem
1322 1851 1358 1887 et
1394 1848 1677 1897 decoratiuam,
1716 1847 1790 1887 alii

335 1981 381 2011 20
402 1979 620 2011 vocitatiuam
645 1979 676 2010 A
700 1980 788 2011 vocis
804 1980 1065 2020 procuratiuam
1088 1980 1122 2012 Β
1251 1982 1298 2012 22
1318 1980 1430 2012 hinter
1451 1981 1498 2012 ad
1518 1980 1665 2012 mehrere
1680 1980 1790 2013 Worte

212 2033 420 2075 ausyefallen
551 2034 594 2065 24
612 2033 820 2074 perueniunt
843 2034 889 2065 ad
909 2043 1017 2065 unum
1040 2033 1190 2074 quodque
1212 2044 1326 2066 eorum
1348 2044 1432 2075 quae
1454 2035 1636 2067 secundum
1652 2036 1789 2075 partem

212 2088 299 2120 artis
321 2088 355 2120 Β
443 2089 488 2120 28
509 2087 739 2120 immethodice
760 2087 794 2119 B
881 2088 926 2119 30
947 2088 1185 2138 concordarent
1207 2089 1295 2120 enim
1319 2088 1508 2121 adinuicem
1531 2089 1565 2121 B
1652 2090 1696 2121 31
1718 2089 1789 2130 qui-

213 2143 292 2175 dam
315 2142 448 2183 quidem
464 2142 495 2174 A
519 2141 682 2182 quaedam
705 2142 837 2182 quidem
859 2142 894 2174 B
1004 2144 1050 2174 32
1070 2144 1130 2174 aut
1150 2143 1183 2175 A
1205 2145 1317 2175 autem
1342 2143 1377 2175 B
1486 2144 1534 2175 32
1553 2143 1742 2176 omittentes
1756 2143 1790 2176 B

212 2198 257 2229 33
275 2196 509 2238 phisioloyiam
532 2198 564 2228 et
580 2196 837 2237 passioloqicam
854 2197 885 2229 A
903 2196 1167 2239 physiologicam
1191 2199 1221 2229 et
1239 2197 1483 2239 patholoyicam
1505 2198 1539 2230 B
1648 2199 1692 2230 35
1713 2208 1789 2231 cau-

212 2261 331 2283 sarum
347 2250 598 2283 aestimatiuam
613 2250 648 2282 B
730 2252 862 2283 36—37
875 2250 960 2292 fehlt
974 2251 1011 2283 in
1027 2251 1061 2283 B
1146 2252 1191 2284 38
1204 2251 1376 2293 Empirici
1389 2251 1423 2284 B
1504 2253 1549 2284 38
1564 2252 1739 2284 adinucem
1756 2252 1788 2284 A

213 2306 256 2338 39
279 2305 428 2347 faeieodo
452 2305 484 2337 A
607 2307 653 2337 42
673 2305 864 2338 curatinam
887 2306 918 2337 A
1052 2307 1097 2338 43
1118 2316 1194 2338 vero
1217 2306 1402 2339 invocatam
1426 2307 1477 2339 A:
1499 2307 1537 2339 ob
1559 2307 1596 2339 in
1618 2318 1662 2339 zu
1686 2307 1789 2349 tilyen

204 2360 292 2393 ,oder
313 2357 485 2400 in<super>
508 2370 551 2391 zu
575 2359 741 2392 schreiben
764 2360 817 2401 ist,
842 2360 938 2392 bleibt
960 2360 1108 2401 fraylich
1238 2361 1283 2392 43
1304 2371 1379 2393 vero
1403 2363 1434 2393 et
1457 2363 1607 2393 vocatam
1630 2361 1665 2393 B

343 2490 387 2521 20
410 2490 447 2518 τὸ
470 2490 653 2528 φωνητικὸν
776 2490 818 2521 21
844 2491 1077 2527 ἀπεριορίστως
1101 2488 1197 2529 (oder
1220 2489 1424 2528 ἀδιορίστως)
1547 2491 1591 2523 28
1615 2491 1788 2529 ἀμεθόδως

207 2544 257 2577 33
283 2544 517 2583 φυσιολογικὸν
548 2545 607 2574 ’καὶ
635 2543 864 2583 παθολογικόν
1048 2545 1091 2577 34
1119 2544 1231 2575 ὑλικόν
1416 2545 1546 2579 34—35
1575 2546 1789 2584 σημειωτικόν

207 2600 256 2633 ’35
279 2598 501 2638 αἰτιολογικόν
635 2599 678 2631 40
700 2599 818 2629 τελικά
842 2623 850 2630 .
875 2622 883 2630 .
908 2601 1086 2630 συστατικὰ
1110 2599 1190 2641 (vgl.
1215 2597 1304 2633 Sext.
1323 2599 1420 2642 Empss
1442 2611 1476 2642 p.
1490 2600 1621 2636 305,13
1641 2599 1788 2639 Bekker)

213 2655 253 2686 41
278 2654 312 2684 ἐν
335 2655 374 2692 τῇ
399 2653 520 2684 τούτων
545 2654 649 2684 αὐτῶν
673 2654 905 2693 συναριθμήσει
