1980 3118
833 143 1075 182 -30-

82 285 145 316 170
168 274 204 310 et
227 270 604 322 principalissimas
625 275 768 322 partes
796 272 1045 312 diuiduntur
1071 272 1211 313 notitie
1238 285 1333 312 cure
1361 272 1614 323 simplicium>
1636 274 1739 326 eqri-

167 336 371 386 tudinum,
402 337 547 376 deinde
575 338 894 387 compositarum.
943 338 1050 386 Quot
1074 342 1210 378 autem
1227 342 1326 377 sunt
1352 338 1554 388 simplices
1583 342 1619 377 et
1647 343 1741 387 quot

167 401 378 452 composite
408 401 669 453 eyritudines,
699 405 900 443 ostensum
924 406 984 444 est
1003 417 1083 454 per
1109 417 1233 443 vnum
1263 403 1421 453 librum,
1452 403 1522 453 qui
1546 405 1595 443 de
1624 403 1740 456 diffe-

167 466 300 507 rentia
330 467 605 518 eyritudinum
634 468 882 511 intitulatur.
931 468 978 510 Si
996 483 1088 509 vero
1107 483 1188 509 non
1206 470 1339 510 solum
1366 469 1415 509 ab
1445 469 1741 521 eyritudinibus

170 533 224 572 ad
250 533 469 573 sanitatem
496 546 735 584 recuperare
763 538 820 574 est
847 534 1097 586 medieatiue,
1133 536 1204 575 sed
1233 535 1352 575 etiam
1379 547 1499 575 sanos
1527 534 1574 574 in
1606 535 1740 575 eodem

79 611 144 643 175
168 599 379 650 custodire,
415 599 522 639 sieut
539 599 585 639 in
615 600 695 640 alio
725 613 749 639 a
777 600 889 640 nobis
919 603 1121 640 ostensum
1150 603 1210 640 est
1238 600 1347 650 libro,
1370 613 1475 651 pars
1504 599 1590 640 alia
1617 599 1741 640 huius

167 664 336 715 [pJartis
361 664 438 704 erit
460 678 536 714 que
558 668 723 705 vocatur
750 665 956 715 sanatiua,
991 679 1068 715 que
1096 665 1440 706 eontradiuiditur
1463 665 1566 705 dicte
1592 665 1743 705 scilieet

168 729 362 769 curatiue.
393 729 517 769 huius
537 733 673 769 autem
692 743 837 770 rursus
856 733 953 769 sunt
972 730 1053 770 alie
1068 730 1275 780 particule
1299 730 1550 780 theoremata,
1573 743 1649 779 per
1666 740 1742 779 que

167 793 212 832 in
246 794 420 833 sanitate
454 795 699 835 custodietur
731 795 895 846 sinyula
922 796 1226 846 particularum
1260 795 1448 846 eorporis.
1506 795 1553 835 Si
1585 808 1676 835 vero
1706 798 1743 834 et

169 862 225 898 est
250 859 391 908 aliqua
420 860 504 899 alia
534 864 592 899 est
615 860 835 911 dispositio,
861 874 982 911 quam
1006 864 1195 901 neutram
1218 860 1442 910 nominant,
1471 849 1741 900 necessarium

78 936 145 967 180
167 923 287 963 tertia
308 927 344 963 et
363 924 487 964 huius
504 925 766 975 prouisiuam
786 939 870 966 esse
895 926 1076 977 aliquam
1097 926 1220 967 aliam
1237 929 1402 977 partem
1421 925 1534 966 artis.
1576 925 1743 965 Videtur

169 992 300 1029 autem
329 1003 413 1030 esse
442 991 538 1030 talis
566 991 773 1041 dispositio
808 1005 957 1042 eorum,
988 992 1059 1041 qui
1092 992 1391 1032 disorasiantur
1407 991 1578 1041 quidem
1611 991 1741 1031 mani-

169 1054 282 1105 feste,
312 1068 394 1094 non
414 1058 547 1095 tamen
568 1056 849 1107 eyrotantium,
876 1059 949 1097 sed
977 1057 1108 1097 adhue
1138 1070 1254 1109 ayere
1273 1057 1505 1107 potentium
1532 1058 1742 1096 consuetas

170 1120 356 1172 actiones,
387 1122 449 1161 vel
476 1122 640 1162 nullum
668 1122 901 1163 habentium
929 1123 974 1163 in
997 1136 1044 1163 >se
1072 1123 1259 1163 sensibile
1293 1123 1446 1162 malum
1474 1124 1544 1162 sed
1572 1122 1742 1162 insensi-

170 1186 257 1235 bile,
288 1186 394 1226 sicut
413 1190 472 1226 est
486 1187 532 1227 in
551 1189 695 1227 morsis
724 1201 749 1228 a
778 1201 876 1228 eane
903 1189 1043 1228 rabido
1071 1189 1135 1228 vel
1163 1188 1231 1238 eis,
1258 1188 1329 1237 qui
1355 1191 1619 1238 sumpserunt
1644 1187 1742 1227 deli-

80 1264 145 1296 185
169 1252 318 1291 terium
347 1253 396 1292 ab
426 1252 501 1303 his,
540 1266 615 1302 que
637 1256 732 1303 post
760 1257 914 1305 tempus
943 1253 1207 1302 interficiunt.
1261 1254 1316 1292 In
1344 1253 1618 1305 huius(modi>
1638 1253 1742 1291 enim

168 1317 498 1367 dispositionibus
510 1318 684 1368 propria
703 1319 874 1368 quedam
889 1332 991 1370 pars
1007 1318 1106 1358 artis
1130 1318 1291 1358 videtur
1311 1331 1393 1359 esse
1405 1317 1741 1368 preoustoditiua,

167 1382 272 1422 sicut
299 1396 448 1423 rursus
475 1383 521 1423 in
549 1383 612 1423 his
641 1384 813 1434 quidem,
843 1384 914 1434 qui
940 1384 1098 1424 liberati
1129 1388 1225 1423 sunt
1257 1397 1391 1434 nuper
1419 1384 1468 1423 ab
1503 1383 1741 1433 eyritudine,

169 1447 318 1486 debiles
348 1451 481 1487 autem
509 1449 743 1497 intantum
764 1449 946 1488 existunt
974 1449 1117 1498 adhue,
1147 1451 1196 1488 ut
1222 1461 1349 1498 neque
1378 1448 1561 1488 balneari
1586 1447 1744 1498 possint

168 1526 296 1562 neque
324 1517 512 1553 consueta
541 1527 668 1564 agere,
701 1518 737 1553 et
764 1515 933 1554 debilem
961 1515 1105 1554 habent
1133 1513 1651 1568 dispositionem-corporis,
1688 1516 1744 1552 est

82 1587 146 1619 190
170 1577 255 1617 alia
269 1578 481 1629 particula
501 1579 614 1629 artis,
636 1592 715 1628 que
729 1583 893 1619 vocatur
911 1579 1177 1630 resumptiua.
1235 1578 1478 1619 Ciroeomiea
1497 1591 1585 1618 vero
1604 1580 1744 1629 vocata

163 1656 268 1693 pars
308 1643 353 1683 in
387 1645 511 1684 'nulla
550 1644 710 1685 videtur
749 1645 887 1684 debere
920 1645 1022 1695 poni
1061 1644 1333 1694 dispositione,
1377 1644 1521 1684 etenim
1560 1647 1744 1684 senectus

301 1733 365 1766 171
387 1733 459 1767 sint
473 1734 508 1767 Β
597 1735 660 1767 171
681 1745 738 1768 am
753 1735 852 1768 Ende
866 1735 954 1776 quod
969 1735 1000 1767 A
1024 1736 1103 1776 quot
1118 1735 1152 1768 B
1241 1736 1415 1768 176—177
1440 1733 1490 1775 -s·
1518 1734 1551 1768 A
1571 1734 1696 1767 seilicet
1710 1734 1744 1767 B

168 1790 234 1820 181
257 1799 319 1830 que
341 1789 589 1821 disemzsiantur
612 1790 643 1821 A
667 1790 727 1830 qui
748 1789 841 1821 mala
864 1790 1020 1830 temperie
1036 1789 1186 1831 praediti
1208 1789 1242 1821 Β
1372 1771 1547 1822 181-1Βέ
1565 1788 1745 1829 manifeste

168 1845 259 1882 sunt,
283 1853 350 1875 non
372 1843 407 1875 B
561 1845 630 1876 182
649 1845 826 1885 aegrotant
847 1843 881 1876 B
1043 1845 1111 1876 182
1125 1845 1270 1884 possunt
1291 1844 1326 1875 B
1484 1844 1549 1875 183
1571 1843 1689 1875 habent
1711 1842 1745 1874 B

167 1898 345 1929 184-185
368 1897 563 1930 deleterium
584 1898 620 1930 B
729 1900 795 1931 185
817 1898 918 1930 huius
940 1898 971 1930 A
996 1897 1188 1930 huiusmodi
1207 1897 1241 1930 B
1352 1898 1416 1930 186
1432 1896 1693 1940 praeseruatiua'
1711 1896 1744 1930 Β

168 1953 238 1983 187
248 1962 368 1994 ,παρετ
390 1952 421 1984 Α
557 1953 623 1984 188
644 1951 745 1984 adhee
767 1953 798 1984 A
823 1952 932 1984 adhue
953 1953 987 1984 Β
1120 1952 1185 1984 190
1207 1952 1410 1984 Cirowmica
1433 1952 1464 1984 A
1483 1951 1687 1993 gerocomica
1711 1951 1745 1983 Β

167 2007 341 2038 190-191
365 2006 463 2039 nulla
486 2006 570 2046 AB,·
591 2018 672 2040 man
695 2009 850 2040 erwartet
870 2009 994 2039 neutra

301 2082 474 2117 172—173
495 2084 570 2122 περὶ
593 2084 752 2123 διαφορᾶς
773 2083 963 2123 νοσημάτων
987 2082 1024 2123 (t.
1049 2081 1094 2115 VI
1118 2094 1151 2126 p.
1167 2083 1232 2116 836
1254 2092 1305 2125 sq.
1328 2080 1443 2122 Kahn)
1569 2082 1633 2116 173
1656 2083 1687 2113 εἰ
1709 2082 1746 2113 δὲ

169 2138 212 2176 μὴ
245 2138 341 2176 μόνον
372 2139 409 2168 τὸ
433 2139 473 2168 ἐκ
500 2140 692 2178 νοσημάτων
720 2139 802 2176 πρὸς
833 2138 956 2177 ὑγίειαν
987 2138 1228 2177 ἀναλαμβάνειν
1261 2139 1319 2176 τῆς
1347 2138 1498 2176 ἰατρικῆς
1526 2137 1623 2176 ἐστιν,
1657 2136 1745 2166 ἀλλὰ

168 2191 228 2221 καὶ
263 2191 301 2221 τὸ
337 2191 414 2229 τοὺς
449 2191 551 2232 ὑγιεῖς
585 2193 620 2223 ὲν
653 2192 760 2233 ταύτῷ
793 2192 980 2232 φυλάττειν,
1016 2191 1124 2231 ὥσπερ
1164 2190 1197 2222 ὲν
1235 2190 1328 2231 ἄλλῳ
1369 2190 1420 2231 ὑφ’
1455 2191 1547 2232 ἡμῶν
1581 2191 1746 2223 δεδεικται

168 2246 278 2286 βιβλίῳ
308 2245 468 2287 [ηᾱωΙίεΙι
497 2248 531 2279 in
561 2247 626 2280 den
654 2248 795 2287 Ὑγιεινά
822 2251 846 2279 t.
870 2247 916 2278 VI
939 2259 972 2289 p.
998 2248 1012 2278 1
1043 2258 1094 2289 sq.
1124 2244 1250 2287 Kfihn],
1277 2246 1363 2277 ἄλλο
1391 2246 1513 2286 ταύτης
1540 2248 1601 2285 τῆς
1628 2247 1746 2286 τέχνης

168 2302 267 2340 μέρος
289 2301 381 2332 ἔσται
403 2302 440 2332 τὸ
469 2301 675 2341 καλούμενον
701 2302 852 2342 ὑγιεινόν,
882 2301 1178 2340 ἀντιδιαιρουμενον
1200 2299 1296 2341 (oder
1316 2299 1676 2340 ἀντιδιαστελλόμενον)
1700 2302 1745 2339 τῷ

167 2355 338 2396 λεγομένῳ
360 2355 586 2397 θεραπευτικῷ
677 2358 740 2391 179
763 2358 793 2388 εἰ
815 2357 852 2388 δὲ
874 2357 932 2387 καὶ
955 2357 1045 2395 τρίτη
1068 2365 1117 2393 τις
1138 2355 1225 2395 ἄλλη
1249 2356 1317 2386 ἐστι
1337 2355 1492 2396 διάθεσις,
1512 2354 1553 2394 ἣν
1574 2355 1745 2393 οὐδετέραν

167 2411 395 2450 ὀνομάζουσιν,
418 2411 599 2450 ἀναγκαῖόν
623 2412 691 2442 ἐστι
711 2412 770 2441 καὶ
792 2410 912 2450 ταύτης
933 2410 1152 2450 προνοητικὸν
1174 2407 1256 2441 εἶναί
1277 2419 1307 2440 τι
1328 2408 1415 2441 ἄλλο
1434 2410 1534 2450 μέρος
1554 2412 1613 2450 τῆς
1627 2409 1746 2449 τέχνης

168 2465 229 2498 181
267 2467 322 2496 ein
358 2463 434 2498 dem
469 2464 711 2498 discrasiantur
746 2476 854 2509 genau
889 2464 1182 2508 entsprechendes,
1215 2476 1280 2498 von
1313 2466 1495 2504 δυσκρασία
1529 2463 1745 2507 abgeleitotes

168 2517 316 2551 Verbum
340 2520 385 2551 ist
408 2518 635 2552 anseheinend
658 2519 753 2552 nicht
775 2520 932 2562 bezeugt:
962 2518 1055 2552 viell.
1078 2519 1177 2552 stand
1200 2522 1246 2551 im
1269 2517 1422 2562 Original
1442 2519 1634 2558 δυσκράτως
1655 2519 1744 2558 ἔχειν

170 2574 343 2608 184—185
367 2573 562 2615 δηλητήριον
707 2575 769 2609 186
791 2574 1061 2614 προφυλακτικόν
1205 2575 1376 2609 190-191
1401 2574 1438 2606 τὸ
1462 2575 1499 2606 δδ
1521 2573 1744 2615 γηροκομικὸν

166 2630 375 2670 καλοὺμενον
406 2632 507 2670 μέρος
536 2632 569 2661 ἐν
601 2632 760 2670 οὐδετέρᾳ
789 2632 883 2661 δοκεῖ
909 2631 1027 2661 θετέον
1056 2629 1140 2661 εἶναι
1168 2629 1313 2661 διαθέσει
1332 2637 1343 2646 ·
1376 2630 1414 2659 τὸ
1443 2630 1508 2669 γὰρ
1536 2631 1657 2671 γῆρας.
1671 2627 1746 2657 οὔτε

169 2685 309 2724 ἐναργὲς
332 2685 400 2715 ἐστι
421 2686 550 2725 νόσημα
575 2685 650 2716 οὔτε
673 2685 864 2725 ὁλόκληρος
888 2684 994 2725 ὑγίεια
