1980 3118
879 135 1120 172 -36-

213 261 427 312 ruptibile;
451 261 688 301 medicatiue
712 275 800 301 vero
826 275 907 302 non
928 266 1095 312 propter
1113 263 1194 312 hoc,
1220 265 1291 303 sed
1310 269 1351 302 in
1370 267 1568 313 quantum
1588 267 1645 304 est
1657 263 1789 314 passi-

216 329 292 368 bile
326 331 364 366 et
397 327 591 368 sanabile.
650 327 758 375 Quia
787 327 913 378 iqitur
941 328 1109 367 materia
1143 330 1431 377 quodammodo
1469 332 1525 368 est
1551 330 1791 370 medicatiue

126 407 192 439 310
215 407 359 444 corpus
396 392 582 442 hominis,
624 396 678 433 tot
713 395 890 433 ostendet
923 393 1138 434 incisiones
1172 394 1240 434 hec
1274 408 1343 434 ars
1370 397 1594 435 secundum
1615 399 1789 446 partem,

214 463 309 509 quot
337 462 374 497 et
403 471 566 508 corpus:
599 458 694 497 Due
724 471 813 498 vero
843 462 964 498 erunt
992 472 1127 498 eorum
1152 458 1381 511 differentie
1403 462 1624 500 secundum
1649 473 1788 513 qenus,

216 525 346 565 altera
361 524 520 573 quidem
540 523 646 562 circa
661 524 913 563 elementales
926 524 1170 575 particulas,
1193 525 1319 564 altera
1338 538 1429 564 vero
1444 525 1550 565 circa
1566 526 1787 576 orqanicas.

214 593 243 642 †
253 590 364 630 Pars
376 592 548 637 aut<em)
562 602 709 629 rursus
719 589 986 629 indiuisibilis
996 603 1172 631 numero.
1190 590 1400 630 Particule
1409 591 1601 631 animalis
1613 593 1766 638 aut<em
1776 597 1789 638 >

214 659 313 695 sunt
338 659 418 694 tam
445 655 695 693 elementales
714 668 834 703 quam
864 655 1059 704 orqanice‚
1088 659 1123 694 et
1143 655 1288 695 harum
1307 669 1452 695 rursus
1476 655 1791 704 vniuscuiusque

126 733 192 765 315
214 732 453 769 unaqueque
471 719 612 769 passio
637 719 713 758 erit
732 720 907 770 propria
927 733 1028 770 pars
1056 721 1168 770 artis,
1195 734 1313 770 quam
1340 721 1583 760 ostendimus
1604 721 1657 760 ad
1677 724 1790 760 actus

215 786 285 835 qui
314 787 537 824 secundum
560 788 720 835 partem
749 785 992 836 diuidiltur]
1017 786 1062 825 in
1086 799 1263 825 sermone
1289 787 1338 825 de
1357 786 1617 836 apunctione;
1646 786 1789 825 harum

216 851 321 891 enim
361 851 525 890 scientie
556 854 653 890 sunt
689 851 936 891 elementales
964 851 1170 902 particule
1199 852 1318 891 totius
1348 852 1458 892 artis.
1516 852 1570 890 In
1601 852 1658 890 eis
1685 865 1788 899 vero,

215 930 291 966 que
330 919 425 955 sunt
459 917 680 955 secundum
709 916 963 965 farmaciam,
994 920 1090 955 sunt
1117 917 1197 966 ille,
1228 930 1302 966 que
1331 920 1427 956 sunt
1455 918 1503 956 de
1541 916 1790 966 simplicibus

214 981 425 1032 farmaciis
465 980 803 1030 vniuscuiusque„
833 981 937 1020 sicut
971 982 1016 1020 in
1051 982 1118 1031 eis,
1156 995 1232 1031 que
1264 982 1486 1021 secundum
1526 981 1686 1031 dietam,
1721 981 1791 1020 ille

127 1059 193 1090 320
215 1060 291 1096 que
309 1049 407 1085 sunt
426 1046 672 1095 simplici-um
694 1046 962 1085 dietematum.
1004 1047 1097 1086 Non
1116 1047 1243 1086 solum
1266 1050 1396 1086 autem
1418 1060 1466 1086 ex
1485 1046 1608 1086 huius
1627 1047 1790 1086 materie

215 1111 447 1164 incisio<ne)
472 1125 600 1160 usquc
625 1112 678 1150 ad
702 1112 868 1151 ultimas
895 1115 932 1150 et
964 1113 1214 1151 elementales
1241 1112 1340 1152 artis
1366 1112 1596 1163 particulas
1626 1112 1789 1163 accedit,

215 1179 284 1217 sed
306 1177 426 1216 etiam
453 1190 502 1215 ex
522 1190 580 1225 ea,
602 1190 677 1226 que
695 1190 847 1225 parum
875 1180 966 1216 ante
992 1177 1100 1216 dicta
1126 1181 1193 1218 est.
1242 1178 1387 1216 Adhuc
1413 1180 1544 1216 autem
1569 1179 1791 1216 secundum

217 1242 344 1282 alium
381 1242 540 1281 modum
569 1241 616 1290 fit
644 1241 806 1282 diuisio.
847 1243 989 1293 Fe·r[e]
1019 1243 1124 1282 enim
1153 1256 1224 1282 nos
1253 1243 1351 1282 velle
1380 1242 1562 1282 diuidere
1589 1255 1709 1291 vsque
1739 1243 1792 1282 ad

215 1309 376 1348 vltimas
389 1348 392 1350 ,
397 1307 641 1357 particulas,
672 1321 794 1346 vnum
827 1321 955 1357 qenus
989 1308 1297 1357 dispositionum
1332 1321 1406 1356 que
1441 1309 1661 1346 secundum
1693 1307 1791 1357 cyri-

127 1384 193 1416 325
216 1373 378 1414 tudines
411 1372 730 1422 proponentibus
769 1372 893 1412 nobis.
964 1372 1060 1412 Erit
1099 1373 1226 1424 iqitur
1264 1372 1309 1412 in
1349 1373 1417 1412 hoc
1451 1372 1592 1422 prima
1631 1372 1791 1421 quidem

215 1439 371 1487 incisio,
408 1438 514 1487 quod
552 1437 621 1476 hee
655 1437 816 1486 quidem
856 1437 1090 1487 omiomeris,
1131 1438 1200 1477 hee
1228 1451 1318 1478 vero
1354 1437 1554 1489 orqanicis
1589 1436 1789 1485 accidunt,

215 1504 320 1544 sicut
345 1503 391 1543 in
417 1503 516 1542 libro
542 1504 591 1542 de
615 1502 850 1554 differentia
876 1503 1150 1554 eyritudinum
1171 1507 1370 1543 ostensum
1396 1506 1473 1552 est:
1491 1503 1669 1542 secunda
1687 1516 1790 1552 vero,

216 1571 322 1619 quod
343 1568 422 1608 alie
441 1568 600 1617 quidem
629 1568 812 1620 ipsarum
840 1572 937 1608 sunt
964 1569 1176 1619 simplices,
1207 1569 1284 1609 alie
1313 1583 1403 1609 vero
1433 1568 1654 1620 composite,
1686 1568 1792 1608 sicut

217 1639 255 1675 et
280 1635 350 1674 hoc
375 1635 419 1674 in
446 1634 516 1673 illo
543 1634 640 1674 libro
666 1638 868 1674 ostensum
898 1638 966 1677 est.
1010 1635 1292 1675 Necessarium
1321 1635 1448 1686 iyitur
1476 1638 1535 1674 est
1563 1634 1790 1675 curatiuam

127 1710 194 1743 330
216 1701 427 1742 scientiam
464 1700 654 1740 minimas
683 1704 720 1740 et
748 1701 1001 1740 clementales
1029 1701 1172 1741 habere
1192 1701 1424 1751 particulas
1453 1701 1611 1740 easdem
1637 1700 1698 1739 his
1718 1713 1793 1749 que

218 1770 337 1807 antea
357 1766 461 1806 dicte
481 1770 588 1806 sunt.
624 1766 747 1818 ferse]
778 1767 893 1817 enim,
924 1766 960 1806 si
990 1767 1047 1806 ita
1077 1767 1290 1818 continqat,
1321 1767 1495 1807 calidam
1525 1766 1791 1818 eyritudinem

215 1833 314 1872 velle
334 1846 406 1871 nos
425 1845 589 1871 curare:
619 1832 783 1871 minime
798 1832 934 1881 primo
951 1832 1109 1882 quidem
1130 1833 1208 1880 <in>
1227 1846 1367 1871 curam
1388 1832 1474 1871 eius
1492 1844 1719 1882 coynoscere
1737 1834 1793 1869 est

347 1944 414 1976 308
437 1943 641 1985 inquantum
667 1942 702 1975 Β
836 1944 902 1976 309
923 1943 1067 1984 quodam
1091 1943 1186 1975 modo
1209 1943 1244 1975 B
1374 1943 1444 1974 312
1462 1952 1541 1975 arca
1562 1942 1739 1983 orqanicas
1761 1942 1791 1974 A

215 2000 304 2032 circa
327 1999 504 2040 orqanicas
529 1999 563 2031 Β
670 1999 736 2030 313
753 2008 841 2039 pars
863 2000 925 2031 aut
946 1999 979 2030 A
996 2008 1082 2038 pars
1105 2000 1216 2030 autem
1242 1998 1276 2030 B
1395 1998 1461 2029 313
1483 1999 1544 2029 aut
1566 1997 1598 2028 A
1622 1998 1734 2028 autem
1758 1996 1792 2028 B

216 2056 281 2087 315
298 2055 409 2086 actum
427 2053 461 2086 Β
548 2054 615 2085 318
625 2052 857 2094 pharmaciam
874 2052 907 2085 B
994 2053 1061 2085 319
1075 2051 1286 2094 pharmaciis
1301 2052 1334 2085 B
1423 2053 1489 2084 320
1504 2051 1742 2084 deteminatum
1759 2050 1790 2082 A

218 2108 476 2142 determinatum
492 2107 526 2140 B
628 2108 695 2139 320
717 2107 909 2140 huiusmodi
926 2107 960 2140 Β
1061 2108 1128 2139 323
1149 2107 1202 2148 fer
1218 2107 1251 2139 B
1358 2108 1424 2139 325
1441 2106 1558 2148 primo
1573 2106 1605 2138 A
1623 2105 1741 2147 prima
1758 2105 1792 2137 Β

217 2165 283 2196 326
306 2163 366 2195 hae
387 2163 519 2203 quidem
542 2162 783 2202 homoeomeris,
808 2162 869 2194 hae
891 2172 966 2194 vero
991 2162 1025 2193 Β
1143 2162 1209 2193 331
1231 2161 1286 2199 fer
1310 2161 1343 2193 B
1465 2161 1530 2192 331
1552 2160 1701 2202 contiqat
1723 2159 1792 2191 AB

216 2219 286 2249 332
305 2217 443 2249 minime
465 2217 497 2248 A
520 2215 668 2248 maxime
692 2216 726 2248 R

348 2314 523 2347 308—309
546 2311 624 2343 ἀλλ’
650 2311 702 2352 ἐφ’
729 2313 805 2344 ὅσον
827 2313 1012 2353 παθητικὸν
1037 2314 1096 2344 καὶ
1119 2314 1246 2352 ἰάσιμον
1351 2313 1416 2346 310
1438 2313 1543 2352 τομάς
1647 2311 1709 2345 311
1734 2310 1791 2342 δὺο

217 2369 244 2401 δ’
270 2370 400 2400 ἔσονται
424 2368 544 2399 τοὺτων
567 2368 656 2398 κατὰ
679 2369 777 2407 γένος
801 2369 954 2406 διαφοραί
1076 2368 1140 2400 312
1164 2369 1205 2398 τὰ
1228 2367 1422 2407 στοιχειώδη
1445 2368 1544 2406 μόρια
1664 2366 1730 2399 312
1751 2367 1792 2396 τὰ

217 2421 382 2464 ὀργανικῖι
522 2422 586 2455 320
610 2423 643 2453 αἱ
666 2424 728 2452 τῶν
754 2422 867 2453 ἁπλῶν
891 2424 1109 2463 διαιτημάτων
1133 2421 1328 2462 (ἐπιστῆμαι)
1489 2422 1554 2455 326
1577 2421 1618 2451 τὰ
1641 2421 1696 2460 μὲν
1721 2423 1792 2457 τοῖς

217 2480 433 2519 ὁμοιομερὲσι,
457 2479 499 2509 τὰ.
515 2478 551 2509 δὲ
567 2480 638 2514 τοῖς
661 2478 862 2517 ὀργανικοῖς,
885 2478 1040 2516 καθάπερ
1064 2479 1097 2508 ἑν
1123 2481 1168 2516 τῷ
1190 2479 1263 2515 περὶ
1286 2478 1447 2516 διαφορᾶς
1469 2477 1658 2515 νοσημάτων
1683 2476 1790 2513 βιβλίῳ

216 2534 382 2564 δέδεικται
405 2531 466 2571 (VI
490 2543 522 2574 p.
539 2530 635 2564 836f.
659 2529 772 2570 Knhn)
921 2531 986 2565 328
1010 2531 1100 2562 ἁπλᾶ
1123 2557 1131 2564 .
1156 2556 1163 2564 .
1188 2531 1329 2562 σύνθετα
1475 2530 1537 2564 331
1563 2530 1642 2569 φέρε
1664 2529 1740 2569 γὰρ,
1763 2530 1792 2559 εἰ

217 2589 320 2625 οὕτως
358 2589 462 2627 τύχοι,
504 2587 629 2626 θερμὴν
669 2588 765 2617 νόσον
799 2587 975 2625 βούλεσθαι
1008 2587 1094 2626 ἡμᾶς
1128 2587 1322 2624 θεραπεύειν
1478 2586 1542 2618 332
1574 2585 1792 2624 τούλάχιστον

218 2642 451 2682 (mindestens)
