1980 3118
892 152 1131 190 —34—

223 294 297 331 que
315 284 370 320 est
385 282 606 320 secundum
622 280 800 319 habitum
815 280 860 319 in
879 283 1051 329 utraque
1070 280 1340 330 dispositione,
1362 281 1447 321 alia
1466 295 1556 322 vero
1574 284 1796 322 secundum

133 362 200 394 265
223 346 511 386 habitudinem.
553 345 635 385 ·De
670 345 864 385 sanatiua
898 345 1025 397 iyitur
1065 345 1336 397 dispositione,
1373 360 1448 396 que
1483 350 1542 387 est
1574 348 1795 387 secundum

223 413 416 461 habitum,
436 415 634 465 procurat
653 411 728 450 illa
741 425 856 461 pars,
883 425 1006 461 quam
1024 424 1209 451 vocamus
1228 412 1473 463 sanatiuam,
1505 414 1622 453 cuius
1638 417 1795 463 partem

215 477 459 528 precipuam
497 477 662 525 quidam
691 480 854 527 ponunt
893 480 1071 516 vocatam
1113 477 1327 516 euecticam
1361 481 1400 516 et
1431 479 1725 528 resumptiuam
1759 482 1796 518 et

222 541 505 583 ciroeomicam.
564 541 644 582 Sed
686 542 731 581 in
772 541 1069 592 egritudinibus
1109 542 1282 593 quidem,
1326 556 1401 592 que
1439 547 1537 583 sunt
1573 545 1794 584 secundum

222 609 403 648 habitum
431 611 468 646 et
485 607 775 658 habitudinem,
804 620 884 646 non
909 611 1005 646 sunt
1030 607 1194 646 nomina
1212 607 1314 657 ipsis
1329 608 1519 658 partibus
1538 609 1796 658 medicatiue;

133 689 200 719 270
221 674 385 713 Harum
415 673 598 723 ipsarum
628 672 749 711 etiam
784 672 1057 723 egritudinum
1088 673 1165 712 alie
1200 673 1360 722 quidem
1394 674 1562 723 cronice,
1599 674 1678 714 alie
1704 688 1794 714 vero

224 741 338 778 acute
366 741 674 787 nuncupantur.
732 737 825 777 Alie
846 738 1006 787 quidem
1025 738 1153 788 iyitur
1171 742 1268 778 sunt
1281 739 1414 789 prime
1434 742 1470 779 et
1484 739 1795 791 propinquiores

224 805 344 853 artis:
374 804 453 844 alie
471 817 575 853 vero,
605 804 694 843 sine
711 804 868 853 'quibus
897 817 978 843 non
1006 808 1105 843 sunt
1131 804 1187 843 he.
1237 804 1383 844 Prima
1412 805 1572 854 quidem
1591 805 1718 855 iqitur
1738 808 1797 844 est

221 869 521 921 siqnificatiua,·
556 869 673 908 cuius
701 872 798 908 sunt
819 872 960 919 partes
989 871 1081 920 due,
1117 870 1184 909 hec
1217 870 1377 920 quidem
1411 870 1679 921 diqnoscitiua
1705 884 1794 920 pre-

221 936 408 984 sentium,
451 935 520 973 hec
553 948 644 973 vero
683 935 918 983 futurorum
954 935 1294 986 pronosticatiua;
1334 948 1460 985 neque
1501 935 1608 974 enirn
1649 936 1793 985 absque

133 1013 199 1044 275
222 1001 328 1051 quod
358 1000 618 1051 diynoscatur
648 999 799 1050 passio,
836 1013 975 1039 curam
1010 1000 1097 1039 eius
1132 1004 1188 1040 est
1214 1000 1404 1051 possibile
1436 1000 1633 1050 inuenire,
1669 1013 1795 1049 neque

223 1067 369 1114 absque
411 1067 516 1113 quod
554 1068 894 1114 precoynoscatur
938 1065 1133 1104 terminus
1176 1066 1320 1105 criseos
1364 1066 1462 1116 eius,
1511 1069 1568 1105 est
1602 1065 1795 1115 possibile

222 1143 366 1170 curare
385 1129 783 1182 conueni<en>t(er>:
808 1129 880 1168 has
906 1133 1039 1168 autem
1059 1143 1203 1169 rursus
1222 1130 1491 1170 necessarium
1512 1133 1568 1170 est
1580 1131 1795 1180 precedere

219 1197 336 1235 illam
361 1198 515 1244 partem
542 1194 654 1243 artis,
685 1208 760 1243 que
785 1198 843 1233 est
868 1195 975 1234 circa
1001 1196 1262 1234 conditionem
1292 1195 1470 1234 omnium
1495 1196 1794 1245 particularum

222 1261 425 1308 animalis,
457 1273 532 1309 que
560 1260 605 1298 in
635 1260 864 1299 anothomia
894 1263 1142 1299 mortuorum
1171 1260 1404 1310 inuenitum
1438 1261 1676 1300 secundario
1704 1274 1793 1300 vero

132 1338 199 1370 280
222 1341 270 1367 ex
289 1325 666 1377 superhabundanti
686 1325 813 1376 illam,
844 1339 918 1375 que
948 1329 1007 1365 est
1034 1326 1082 1365 de
1111 1326 1286 1375 actibus:
1315 1330 1351 1365 et
1378 1326 1494 1366 tertio
1529 1340 1614 1366 eam
1643 1339 1717 1375 que
1746 1328 1795 1366 de

219 1393 395 1431 utilitate
431 1404 570 1429 earum
600 1394 677 1438 est;
712 1391 824 1440 ipsas
854 1391 1031 1442 aut(em>
1061 1404 1204 1430 rursus
1239 1391 1312 1429 has
1341 1404 1428 1430 eam
1463 1404 1538 1440 que
1566 1392 1614 1430 de
1642 1391 1794 1430 theoria

220 1470 295 1506 que
325 1457 373 1495 de
389 1455 589 1495 elementis
619 1455 807 1506 corporis,
839 1459 874 1495 et
902 1457 1073 1494 secundo
1104 1469 1188 1494 eam
1216 1469 1292 1507 que
1320 1457 1368 1495 de
1396 1456 1579 1506 crisibus,
1614 1459 1651 1495 et
1679 1456 1793 1495 tertio

220 1535 307 1561 eam
333 1534 408 1571 que
434 1523 482 1559 de
506 1521 723 1560 virtutibus
752 1520 1021 1571 naturalibuS,
1053 1533 1126 1569 que
1155 1521 1420 1560 inveniuntur
1448 1534 1537 1560 cum
1567 1521 1793 1560 anothomia

221 1601 296 1637 que
329 1587 375 1626 in
410 1586 676 1634 animalibus,·
718 1587 771 1625 ad
805 1589 860 1625 tot
894 1586 999 1624 enim
1034 1586 1242 1636 principia
1281 1586 1500 1625 resoluitur
1532 1600 1635 1636 pars
1671 1587 1793 1636 siqni-

132 1666 198 1698 285
220 1653 399 1702 ficatiua,
436 1665 556 1701 quam
584 1652 796 1701 precedere
833 1650 1062 1690 curatiuam
1093 1654 1127 1690 et
1154 1651 1385 1691 sanatiuam
1412 1651 1574 1702 penitus
1600 1642 1790 1692 dicimus.

221 1718 391 1759 Ostensa
420 1721 516 1756 sunt
545 1721 678 1756 autem
710 1717 846 1756 omnia
874 1718 947 1756 illa
974 1717 1020 1756 in
1042 1717 1225 1767 propriis
1255 1718 1501 1759 tractatibus.
1554 1717 1632 1756 Est
1659 1720 1793 1756 tamen

350 1842 416 1873 264
440 1840 599 1879 habitum,
624 1840 661 1871 id
683 1842 731 1872 est
754 1840 864 1878 hex-in,
887 1840 924 1871 in
949 1840 983 1871 Β
1130 1840 1197 1871 265
1219 1839 1456 1880 habitudinem,
1480 1841 1518 1872 id
1539 1842 1587 1872 est
1608 1840 1735 1872 schesin
1759 1841 1793 1872 Β

219 1898 286 1929 268
304 1895 543 1937 yeroeomicam
573 1894 603 1927 Β
795 1896 861 1927 270
883 1894 1020 1936 quidam
1043 1894 1077 1944 A
1099 1894 1231 1935 quidem
1255 1894 1290 1927 B
1479 1896 1545 1928 270
1565 1895 1736 1928 chronicae
1759 1895 1793 1927 Β
1848 1896 1850 1899 “

219 1953 283 1983 274
302 1950 537 1991 procoynitiua
559 1950 593 1981 Β
739 1952 805 1981 275
828 1952 876 1982 est
899 1950 970 1981 eius
988 1950 1021 1981 Β
1166 1950 1233 1980 276
1255 1949 1374 1981 criseas
1397 1950 1467 1981 eius
1488 1960 1607 1982 curare
1629 1950 1791 1989 conuenit,

219 2005 280 2037 has
295 2007 406 2037 autem
422 2004 456 2036 Β
554 2005 622 2036 277
642 2004 791 2036 convenit
806 2004 837 2036 A
935 2005 1002 2036 279
1030 2003 1200 2036 anatomia
1224 2003 1258 2036 B
1359 2005 1426 2037 280
1446 2004 1735 2046 superabundanti
1759 1991 1792 2037 Β

221 2062 282 2092 281
307 2061 419 2091 autem
436 2060 470 2090 Β
555 2061 620 2090 281
645 2069 707 2098 que
729 2061 778 2091 cst
801 2060 840 2090 de
856 2059 889 2090 B
977 2061 1046 2090 282
1066 2068 1141 2089 eum
1157 2059 1187 2089 A
1212 2069 1283 2089 eam
1304 2059 1338 2090 Β
1424 2061 1599 2091 283-284
1622 2059 1792 2090 anatomia

219 2124 281 2155 que
304 2115 350 2145 est
374 2113 410 2145 in
433 2113 466 2144 B

351 2223 414 2254 267
443 2222 481 2250 τὸ
518 2222 727 2259 καλούμενον
765 2221 933 2250 εὐεκτικὸν
970 2221 1029 2249 καὶ
1067 2221 1102 2249 τὸ
1142 2221 1366 2260 ἅναληπτικὸν
1398 2222 1455 2250 καὶ
1489 2221 1526 2250 τὸ
1565 2222 1791 2260 γηροκομικόν

219 2277 284 2310 270
309 2276 397 2306 ἄλλα
421 2276 476 2314 μὲν
501 2277 628 2314 χρόνια,
654 2275 742 2305 ἄλλα
766 2275 803 2305 δὲ
826 2275 904 2311 ὀξέα
1053 2274 1118 2308 272
1144 2274 1231 2305 ἄλλα
1255 2275 1300 2311 δὲ,
1324 2271 1367 2305 ὧν
1390 2275 1491 2315 χωρὶς
1516 2276 1577 2306 οὐκ
1600 2275 1667 2305 ἐστι
1689 2277 1791 2305 ταῦτα

219 2332 284 2365 272
308 2332 344 2361 τὸ
371 2332 427 2369 μὲν
451 2330 507 2360 οῦν
529 2331 654 2368 πρῶτον
680 2331 745 2360 ἐστι
768 2331 805 2360 τὸ
830 2330 1053 2369 σημειωτικὸν,
1078 2325 1115 2359 οὗ
1137 2331 1218 2368 μέρη
1239 2330 1305 2359 ἐστι
1322 2329 1389 2370 δὺο,
1413 2330 1450 2359 τὸ
1474 2331 1530 2368 μὲν
1556 2329 1788 2368 διαγνωστικὸν

218 2387 398 2424 παρόντων,
423 2386 460 2415 τὸ
485 2385 520 2415 δὲ
544 2384 727 2424 μελλόντων
749 2386 990 2424 προγνωστικὸν
1110 2383 1282 2418 275-276
1307 2386 1382 2415 ἄνευ
1405 2387 1463 2415 τοῦ
1485 2385 1791 2425 προγιγνώσκεσθαι

218 2443 275 2472 τὸν
299 2444 357 2481 τῆς
380 2442 519 2478 κρίσεως
544 2440 641 2470 αὐτοῦ
663 2442 780 2478 ’καιρόν
897 2440 960 2474 277
985 2440 1199 2479 προηγεῖσθαι
1317 2440 1382 2474 279
1405 2441 1439 2471 ἐν
1456 2441 1495 2479 τῇ
1517 2443 1581 2471 τῶν
1603 2440 1791 2471 τεθνεώτων

219 2499 369 2536 ἀνατομῇ
393 2494 534 2535 (11217)
666 2495 730 2528 279
754 2496 910 2532 δευτέρως
934 2495 961 2525 δ’
979 2496 1019 2525 ἐκ
1041 2496 1227 2532 περιουσίας
1251 2494 1347 2533 (oder
1364 2496 1403 2525 ἐκ
1418 2497 1576 2536 περιττοῦ,
1599 2494 1663 2536 vgl.
1689 2494 1790 2526 Kalb-

218 2550 335 2584 {leisch
359 2562 398 2582 zu
425 2549 571 2582 Galenus
596 2549 636 2581 de
661 2550 768 2582 causis
792 2549 1040 2582 continentibus
1064 2561 1096 2591 p.
1117 2549 1234 2589 13,11)
1354 2550 1419 2583 280
1440 2551 1512 2589 περὶ
1535 2550 1598 2580 τῶν
1621 2551 1790 2590 ἐνεργειῶν

219 2606 390 2639 280-281
416 2606 489 2644 περὶ
511 2607 568 2644 τῆς
591 2606 704 2644 χρείας
820 2605 891 2637 282-
908 2605 982 2641 περὶ
1005 2607 1069 2634 τῶν
1092 2606 1148 2634 τοῦ
1172 2605 1322 2643 σώματος
1346 2605 1513 2643 στοιχείων
1630 2604 1695 2637 283
1717 2605 1790 2641 περὶ

219 2662 281 2690 τῶν
306 2662 448 2698 φυσικῶν
473 2660 639 2698 δυνάμεων
