1980 3118
856 208 1133 248 ..29-,¹

197 337 334 375 totum.
382 334 497 374 Sicut
517 334 621 374 enim
648 335 898 388 suffusionis,
929 337 988 377 ita
1008 337 1156 387 aliquis
1179 336 1344 387 putabit
1372 338 1408 375 et
1434 334 1639 385 fieymonis
1666 333 1761 374 sim-

190 399 355 450 pliciter
394 412 478 439 esse
517 403 640 440 artem
680 401 907 441 curatiuam
947 406 985 442 et
1022 401 1209 443 similiter
1247 401 1395 441 ulceris
1433 403 1469 439 et
1506 399 1685 449 fracture
1726 402 1762 437 et

198 463 359 513 erispile
379 464 611 519 etaliarum
625 466 874 515 passionum.
907 467 1001 506 Non
1021 470 1155 507 tamen
1174 470 1232 506 est
1250 466 1309 505 ita
1327 467 1432 516 quod
1450 477 1602 503 verum.
1633 464 1761 512 Quale

198 528 302 567 enim
337 531 394 567 est
428 530 603 579 corporis
629 543 732 579 pars
765 544 887 580 quam
920 545 1104 571 vocamus
1138 544 1345 581 oryanum,
1381 530 1477 569 talis
1503 542 1607 578 pars
1639 528 1761 567 medi—

197 593 327 633 catiue
356 596 415 632 est
443 594 631 635 curatiua
663 595 810 635 noticia
842 596 1068 647 fleqmonis;
1103 596 1236 646 qualis
1266 598 1323 635 est
1348 594 1555 645 particula
1585 593 1761 643 corporis

197 658 348 708 oculus,
379 658 474 698 talis
502 672 598 705 pars
628 664 685 700 est
711 661 879 701 scientia
907 662 1096 702 curatiua
1125 661 1309 702 obtalmie
1337 684 1389 690 —
1417 672 1509 703 voco
1539 662 1671 699 autem
1699 659 1762 698 ob-

198 723 378 763 talmiam
411 724 643 775 fleymonem
680 726 813 766 tunice
851 727 1058 766 exterioris
1092 732 1176 775 (ecc)
1211 727 1266 766 eis
1300 739 1375 776 que
1405 728 1503 766 sunt
1540 724 1761 765 secundum

198 789 356 828 oculum
376 803 450 839 —;
471 790 565 844 talis
578 791 704 831 'etiam
719 795 776 831 est
792 792 971 843 eqritudo
984 792 1193 842 pulmonis
1213 791 1372 842 quidem
1385 789 1760 843 periple(u)monia‚

198 853 469 904 subcinyentis
487 868 577 894 vero
597 859 724 895 costas
744 856 877 896 tunice
893 857 1105 907 pleuritis;
1130 856 1277 896 etenim
1295 859 1334 895 et
1352 856 1421 895 hee
1439 855 1652 905 passiones
1670 854 1763 905 fleg}-

199 932 332 958 mones
347 920 511 968 quidam
524 924 621 960 sunt
634 921 780 960 harum
787 922 1104 971 particularum.
1119 922 1218 961 Alia
1230 921 1390 970 quidem
1403 934 1493 971 eryo
1506 923 1563 959 est
1574 919 1763 960 curatiua

200 996 268 1022 ars
287 983 505 1036 fleymonis‚
533 986 771 1036 yeneraliter
788 986 1019 1038 intelliyew,
1049 990 1088 1026 et
1107 987 1202 1037 alia,
1233 999 1307 1036 que
1331 988 1360 1037 7¹·
1379 986 1648 1025 determinant
1672 997 1763 1024 cum

194 1049 375 1098 patiente
388 1050 609 1099 particula,
629 1052 734 1090 sicut
753 1066 949 1102 orqanum
964 1055 1069 1101 quod
1085 1053 1325 1103 qeneraliter
1339 1052 1628 1103 inte(l)li9itur‚
1646 1051 1763 1090 aliud

202 1115 259 1153 est
277 1125 302 1153 a
321 1113 582 1154 determinato
602 1128 758 1168 oryano.
801 1115 1000 1166 Quoniam
1020 1116 1196 1171 aut(em>
1215 1116 1299 1156 alia
1323 1116 1483 1166 quidem
1502 1119 1560 1155 est
1577 1128 1653 1166 que
1669 1115 1762 1167 fley·

201 1179 342 1227 monis,
378 1181 462 1219 alia
489 1194 578 1219 vero
608 1182 693 1220 eius
721 1196 795 1230 que
824 1186 883 1221 est
909 1183 954 1222 in
983 1184 1056 1221 hac
1080 1184 1287 1232 particula
1314 1183 1521 1232 fle-ymonis
1551 1195 1618 1221 ars
1646 1195 1762 1221 cura-

202 1243 300 1295 tiua,
322 1244 636 1285 demonstratum
661 1249 720 1286 est
739 1260 764 1286 a
782 1246 894 1286 nobis
908 1247 954 1286 in
973 1246 1238 1298 therapeutice
1262 1246 1436 1286 methodi
1459 1245 1759 1297 scriptionibus.

333 1309 526 1363 [Summa
545 1312 720 1351 secunda
739 1313 914 1351 doctrine
934 1313 1115 1360 secunde,
1136 1313 1181 1350 in
1194 1325 1275 1360 qua
1294 1312 1445 1351 accedit
1463 1314 1516 1350 ad
1527 1313 1762 1361 ponendum

201 1374 426 1423 opinionem
446 1376 671 1424 propriam.
714 1376 820 1416 Eius
849 1380 984 1416 autem
1011 1379 1107 1415 sunt
1135 1376 1311 1426 quinque
1339 1376 1527 1425 eapitula.
1570 1375 1763 1414 Primum

202 1441 271 1488 est,
301 1438 347 1477 in
375 1452 451 1490 quo
474 1440 713 1490 premittens
742 1441 912 1490 quedam
937 1441 1045 1480 dicta
1069 1441 1356 1491 empericorum
1377 1440 1498 1490 ponit
1524 1440 1762 1479 diuisionem

203 1504 441 1543 medicatiue
475 1509 675 1554 acceptam
710 1519 735 1544 a
768 1506 967 1546 diuisione
1002 1506 1306 1555 dispositionum
1346 1506 1520 1555 corporis
1554 1503 1761 1558 humani]

331 1569 371 1610 V.
414 1569 657 1620 Empericus
691 1574 823 1610 autem
857 1584 939 1610 non
972 1571 1030 1610 ait
1064 1584 1145 1610 esse
1179 1557 1377 1620 aliquam'
1392 1570 1599 1621 fleymonis
1632 1569 1764 1620 ipsius

201 1636 422 1673 secundum
437 1635 622 1683 seipsam
636 1636 859 1686 ¹qe‘tieralem
875 1648 1034 1675 curam:
1052 1636 1122 1675 sed
1136 1649 1215 1674 non
1230 1639 1287 1674 est
1306 1636 1575 1674 necessarium
1590 1635 1766 1684 amplius

202 1699 247 1738 in
259 1698 413 1738 ‘talibus
441 1699 663 1739 subtilitate
689 1700 895 1739 verborum
915 1701 1056 1740 vtendo
1084 1700 1303 1741 immorari.
1351 1700 1441 1749 Sed,
1462 1703 1507 1739 ut
1525 1699 1571 1739 in
1590 1699 1765 1749 capitulo

203 1764 382 1813 dicendo,
409 1778 498 1803 cum
519 1778 585 1804 ars
609 1765 851 1804 medicatiua
870 1766 1021 1804 existat
1039 1766 1087 1804 de
1107 1766 1216 1805 curis
1236 1765 1521 1815 eyritudinum,
1543 1766 1596 1804 ad
1607 1765 1766 1814 primas

334 1888 399 1918 147
414 1887 628 1928 phlegmones
649 1887 683 1919 Β
805 1889 869 1920 149
890 1887 1102 1929 erysipelatis
1125 1888 1159 1920 Β
1281 1889 1344 1920 149
1365 1888 1474 1928 qualis
1496 1887 1529 1919 Β
1650 1887 1712 1918 151
1734 1888 1765 1918 et

202 1940 313 1980 qualis
327 1941 361 1972 B
428 1942 494 1973 152
513 1941 733 1982 ophthalmiae
747 1942 781 1973 B
854 1943 918 1974 153
939 1941 1178 1982 ophthalmiam
1195 1942 1416 1982 phleqmonen
1430 1942 1464 1973 Β
1531 1942 1594 1973 153
1616 1941 1655 1973 de
1672 1941 1718 1972 eis
1732 1940 1766 1972 B

203 1995 266 2027 154
285 1994 550 2037 peripleumonia
570 1995 605 2028 B
742 1996 806 2029 155
827 1997 1048 2039 succinyentis
1068 1997 1102 2031 B
1239 1997 1303 2029 155
1319 1995 1481 2038 plereusis
1504 1995 1535 2027 A
1555 1994 1710 2037 pleuritis
1732 1993 1766 2027 B

194 2051 268 2081 «155
294 2048 469 2090 fleynwnes
496 2050 633 2090 quidam
661 2051 693 2081 A
723 2051 937 2091 phleqmonae
963 2053 1127 2091 quaedam
1154 2052 1188 2083 B
1409 2052 1477 2081 157
1495 2049 1710 2090 phleymones
1732 2049 1766 2080 Β

204 2104 270 2136 157
289 2103 474 2146 intelliqere
494 2103 580 2145 fehlt
602 2104 639 2136 in
661 2104 695 2136 Β
854 2106 920 2137 157
939 2105 1183 2138 determinatur
1204 2105 1238 2137 B
1258 2103 1355 2144 (wohl
1376 2103 1516 2145 riehtiye
1544 2101 1766 2144 Vermutunq)

202 2159 269 2190 159
298 2159 387 2199 quod
408 2160 520 2191 autem
542 2158 613 2191 alia
635 2159 669 2191 B
812 2161 985 2192 159—160
1001 2159 1213 2202 phleqmones
1235 2160 1269 2192 Β
1415 2159 1478 2191 160
1494 2157 1710 2199 phleymones
1732 2157 1767 2189 Β

203 2213 267 2244 161
290 2212 376 2244 vobis
398 2212 430 2244 A
454 2213 547 2244 nobis
569 2213 603 2244 Β
626 2212 847 2254 therapentice
868 2214 900 2245 A
924 2214 1189 2255 therapeuthicae
1209 2213 1244 2244 Β
1371 2213 1544 2244 162-165
1566 2211 1649 2252 fehlt
1671 2212 1709 2243 in
1733 2211 1767 2243 Β

206 2268 270 2300 166
284 2267 464 2308 empirieus
475 2268 509 2301 B
590 2270 654 2301 166
663 2269 877 2311 phleqmones
892 2270 927 2302 B
1006 2268 1412 2302 167-168necessarium
1428 2267 1576 2308 amplius
1592 2267 1716 2300 talibus
1733 2266 1767 2299 B

337 2377 509 2410 147—148
530 2378 587 2406 καὶ
611 2377 799 2416 φλεγμονῆς
821 2377 931 2414 ἁπλῶς
947 2375 1030 2407 εἶναι
1049 2378 1164 2416 τέχνην
1189 2376 1425 2415 θεραπευτικὴν
1440 2376 1497 2405 καὶ
1514 2375 1632 2413 ὁμοίως
1648 2374 1767 2411 ἕλκους

204 2431 263 2460 καὶ
286 2432 392 2469 ἀγμοῦ
415 2431 473 2460 καὶ
494 2430 725 2468 ἐρυσιπέλατος
740 2433 798 2461 καὶ
815 2430 926 2461 ἄλλων
942 2431 1058 2461 παθῶν
1162 2430 1224 2462 152
1247 2429 1434 2468 ὀφθαλμίας
1545 2430 1610 2462 154
1632 2429 1766 2468 τοιαὺτη

205 2508 214 2516 .
239 2508 245 2514 .
271 2486 434 2524 ἀρρωστία
461 2485 641 2524 πλεύμονος
665 2486 721 2524 μὲν
745 2485 1004 2526 περιπλευμονίαι,
1038 2486 1095 2515 τοῦ
1118 2482 1147 2515 δ’
1172 2484 1380 2521 ὑπεζωκότος
1402 2485 1463 2521 τὰς
1484 2484 1629 2521 πλευρᾶς
1652 2482 1768 2522 ὑμένος

204 2540 364 2578 πλευρῖτις
381 2547 388 2554 ·
404 2540 463 2570 καὶ
497 2540 561 2579 γὰρ
595 2541 653 2569 καὶ
682 2542 784 2569 ταῦτα
808 2541 849 2570 τὰ
874 2540 966 2579 πάθη
993 2540 1174 2578 φλεγμοναί
1199 2540 1284 2576 τινὲς
1311 2540 1378 2569 ἐστι
1405 2539 1526 2569 τοὺτων
1553 2539 1617 2568 τῶν
1649 2539 1769 2577 μορίων

208 2594 268 2627 161
298 2594 463 2624 δέδεικται
492 2592 545 2633 ὑφ’
572 2594 659 2633 ἡμῶν
691 2594 724 2624 ἐν
747 2597 816 2631 τοῖς
838 2596 897 2634 τῆς
923 2593 1158 2633 θεραπευτικῆς
1187 2593 1331 2633 μεθόδου
1359 2593 1542 2633 γράμμασιν
1571 2593 1610 2632 (t.
1633 2592 1667 2624 X
1694 2603 1726 2632 p.
1751 2593 1765 2623 l

205 2661 255 2693 sq.
278 2649 393 2690 Kfihn)
528 2650 590 2683 166
614 2648 689 2681 ἀλλ’
709 2649 769 2680 οὔκ
791 2650 873 2680 ἐστιν
900 2651 1081 2690 ἀναγκαῖον
1104 2651 1172 2687 τοῖς
1194 2649 1353 2687 τοιούτοις
1375 2648 1576 2689 λεπτολογίᾳ
1597 2649 1768 2689 χρώμενον

205 2705 413 2743 ἐνδιατρίβειν
428 2711 435 2719 ·
450 2705 538 2744 ἀλλ’,
560 2705 611 2741 ὡς·
628 2705 661 2734 ἐν
683 2704 858 2743 κεφαλαίῳ
882 2705 991 2744 εἰπεῖν,
1015 2726 1024 2733 .
1047 2728 1054 2735 .
1076 2729 1084 2736 .

1788 540 1853 570 150

1787 865 1852 894 155

1788 1189 1853 1219 160

1789 1515 1852 1546 165
