1980 3118
835 217 1076 256 —25-

177 350 310 387 autem
339 348 376 385 et
403 344 705 393 voc<it>atiuam
734 344 789 384 eis
818 345 1116 393 ad(d>iderunt.
1165 345 1221 383 In
1249 342 1522 384 constitutiuis
1551 355 1639 382 vero
1662 355 1740 393 per

169 426 216 453 vse
255 410 538 461 inspectionem
577 410 735 459 quidem
775 413 811 449 et
844 409 1061 461 hystoriam
1094 410 1284 459 vniuersi,
1313 409 1474 456 >similis
1506 422 1596 452 vero
1630 412 1740 448 tran·
1763 421 1806 451 45

174 475 357 517 sitionem
380 488 461 514 non
481 487 612 514 omnes
638 475 959 514 enunciauerunt
984 487 1065 515 esse
1078 478 1241 525 partem
1260 474 1374 515 artis.
1422 474 1480 513 At
1502 486 1592 513 vero
1616 485 1742 522 neque

175 541 388 594 incidendo
423 540 629 590 sinqulam
649 540 929 589 predictarum
964 540 1094 580 adhuc
1120 541 1167 579 in
1200 540 1372 579 minores
1393 539 1624 589 particulas
1653 552 1741 578 con-

176 607 343 647 cordant
368 605 607 654 adinuicem,
638 608 685 644 ut
708 608 765 644 est
787 605 926 655 dicere,
953 606 1141 656 emperici
1166 609 1201 644 et
1225 605 1460 656 doymatici,·
1489 604 1589 653 quin
1609 603 1740 652 etiam,

175 672 213 712 si
237 671 397 721 quidem
421 670 557 709 omnia
581 670 682 709 talia
704 670 1148 720 nominaueritaliquis
1165 674 1306 720 partes
1329 670 1578 719 medicatiue,
1606 669 1744 718 qualia

175 737 222 777 in
248 736 381 776 Roma
414 735 589 775 maxime
617 738 653 775 et
681 737 734 775 ad
761 736 890 775 multa
927 739 962 775 et
989 736 1146 776 minora
1173 735 1357 775 diuidere
1391 749 1436 775 ea
1464 748 1546 775 non
1574 737 1741 784 cessant,

176 801 357 842 dentales
390 801 583 849 quosdam
612 803 649 840 et
677 800 927 840 auriculares
960 804 998 840 et
1026 801 1165 840 anales
1199 801 1368 840 medicos
1403 800 1667 850 nominantes,
1698 798 1745 837 in

167 867 360 917 aporiam
390 866 519 905 veniet
547 879 672 906 sermo
701 866 904 915 maiorem,
937 866 1124 915 quamuis
1150 866 1269 905 ethis
1296 866 1538 906 occasionem
1563 865 1744 914 aliquam

179 932 286 971 circa
304 931 373 969 hoc
387 930 598 981 prebuerit
615 943 757 986 nomen
776 931 1092 979 optalmicorum,
1112 930 1156 969 id
1169 933 1230 969 est
1244 930 1497 979 oculicorum,
1518 943 1599 969 non
1613 943 1744 979 nuper

177 996 419 1047 impositum,
446 997 516 1035 sed
535 996 658 1035 multo
682 995 765 1036 iam
785 996 917 1046 elapso
936 998 1126 1045 tempore,·
1153 996 1189 1035 si
1214 996 1323 1035 enim
1343 996 1548 1036 oculorum
1566 995 1743 1036 solorum

177 1062 306 1113 fuerit
345 1061 493 1110 aliquis
532 1061 721 1112 medicus,
766 1074 847 1101 non
885 1061 1217 1101 irrationabiliter
1250 1061 1447 1100 videbitur
1487 1064 1523 1100 et
1561 1060 1743 1100 dentium

180 1126 328 1177 aliquis
363 1127 469 1178 alius
504 1141 585 1167 esse
614 1130 651 1167 et
680 1127 856 1167 aliarum
888 1126 1202 1177 ‘uniuscuiusque
1235 1127 1412 1178 corporis
1438 1126 1626 1177 partium
1646 1140 1743 1178 pro—

174 1193 353 1246 pri(u>s,
388 1196 434 1232 ut
460 1193 543 1232 sint
572 1196 626 1232 tot
658 1193 802 1232 medici
835 1196 928 1244 quot
955 1193 1171 1243 particule,
1207 1206 1254 1232 ac
1288 1194 1408 1232 etiam
1442 1197 1678 1243 apunctores
1708 1197 1744 1232 et

180 1260 389 1299 erniarum
427 1258 616 1298 incisores
651 1258 724 1297 alii
757 1258 922 1314 quidam
957 1262 994 1297 et
1027 1258 1210 1309 lapidum
1243 1258 1443 1298 incisores.
1496 1259 1579 1307 Qui
1612 1259 1649 1298 si
1685 1258 1743 1298 sic

180 1324 449 1372 nominentur,
476 1324 615 1372 plures
634 1326 753 1362 erunt
772 1336 892 1372 quam
912 1324 1087 1372 corporis
1106 1324 1308 1373 particule
1332 1324 1476 1362 medici
1481 1337 1495 1372 ,·
1522 1326 1743 1363 secundum

180 1389 287 1429 enim
314 1401 633 1439 ‘unamquamque
655 1388 886 1438 passionem
905 1388 981 1428 erit
999 1401 1102 1427 vnus
1127 1388 1313 1428 medicus.
1362 1388 1419 1428 Et
1442 1402 1523 1428 non
1548 1392 1605 1429 est
1622 1390 1743 1429 mira-

183 1455 270 1504 bile,
300 1455 336 1494 si
364 1454 409 1493 in
437 1457 492 1493 tot
518 1454 647 1493 multa
672 1453 886 1493 diuidatur
915 1467 983 1493 ars
1011 1454 1192 1493 maxima
1221 1455 1397 1494 existens
1426 1458 1464 1494 et
1491 1455 1536 1494 in
1564 1456 1744 1495 maxima

180 1520 345 1559 ciuitate
365 1532 447 1569 pro
476 1519 658 1558 omnibus
686 1522 885 1569 repetente
912 1519 1112 1559 medicum
1145 1520 1328 1570 reperiri.
1384 1520 1440 1559 In
1465 1534 1606 1569 parua
1640 1522 1744 1561 enim

181 1585 344 1625 ciuitate
380 1598 616 1636 appunqens
657 1584 806 1634 aliquis
840 1585 971 1624 oculos
1005 1588 1077 1624 aut
1109 1585 1291 1625 incidens
1325 1585 1460 1625 ernias
1493 1599 1746 1636 nequaquam

180 1650 388 1690 nutrietur
393 1663 407 1699 ,·
444 1650 576 1689 Roma
594 1663 684 1689 vero
704 1653 742 1689 et
760 1650 1019 1689 Alexandria
1030 1654 1201 1701 propter
1220 1651 1517 1690 multitudinem
1542 1651 1746 1691 hominum

181 1715 425 1766 sufficientes
453 1719 551 1755 sunt
577 1715 736 1754 nutrire
764 1719 800 1755 et
834 1729 936 1767 eum,
967 1716 1038 1765 qui
1066 1729 1355 1766 quamcumque
1383 1720 1511 1756 artem
1540 1720 1747 1767 operatum

181 1783 251 1820 sed
289 1781 334 1819 in
375 1781 469 1819 aliis
507 1781 691 1830 qentibus
725 1784 923 1831 coquntur
958 1781 1143 1821 ciuitates
1172 1785 1405 1830 permutare
1440 1782 1498 1820 hii
1534 1783 1633 1821 tales
1668 1782 1744 1832 fre-

170 1848 348 1896 ·quenter
363 1847 391 1896 †
407 1845 765 1895 adinqeminantes,
787 1848 832 1885 ut
851 1846 957 1895 quod
975 1845 1049 1896 his,
1071 1846 1142 1896 qui
1159 1850 1256 1886 sunt
1274 1846 1320 1886 in
1337 1846 1475 1897 Italia,
1497 1850 1599 1895 e<s>t
1617 1847 1746 1887 Roma

181 1911 279 1960 sola,
309 1910 378 1950 hoc
406 1910 490 1950 illis
518 1910 592 1959 fiat
617 1911 724 1949 verbi
751 1911 884 1962 qratia
912 1911 1064 1952 Ellada
1092 1915 1184 1951 tota.

312 2046 355 2076 44
378 2044 465 2076 vocis
483 2043 733 2084 procurativam
756 2044 790 2075 Β
899 2046 943 2076 44
964 2044 1147 2076 adiderunt
1169 2044 1201 2076 A
1307 2047 1351 2076 45
1366 2045 1696 2086 perseinspectionem
1712 2046 1747 2078 B

180 2098 339 2131 similiter
361 2098 431 2130 AB
437 2107 449 2139 ,·
469 2097 643 2130 verbessert
664 2097 749 2130 nach
771 2098 809 2130 Z.
826 2100 895 2131 242
1050 2100 1095 2131 48
1116 2099 1268 2139 empirici
1289 2098 1323 2131 Β
1478 2100 1521 2131 51
1544 2099 1658 2132 anates
1679 2100 1747 2133 AB

182 2152 395 2192 wunderlich,
420 2152 496 2184 aber
510 2152 597 2184 viell.
620 2152 752 2193 richtiy,
776 2152 837 2193 vyl.
853 2153 969 2185 Celsus
992 2153 1067 2186 VII
1078 2154 1121 2185 30
1142 2151 1195 2192 (de
1209 2153 1268 2185 ani
1282 2151 1390 2193 vitiis)
1481 2156 1526 2186 52
1546 2154 1699 2194 aporiam
1714 2154 1746 2185 A

184 2206 418 2248 difficultatem
432 2207 466 2239 Β
569 2208 612 2238 53
634 2207 888 2248 optalmicorum
904 2207 936 2239 A
960 2207 1257 2248 ophthalmicorum
1272 2208 1306 2239 Β
1408 2209 1451 2240 53
1472 2208 1698 2241 oculariorum
1713 2209 1748 2241 Β

183 2263 229 2293 57
247 2261 393 2303 propriis
408 2261 440 2293 A
461 2262 619 2303 proprius
639 2262 673 2294 B
772 2263 817 2294 57
837 2264 1058 2303 appunctores
1072 2262 1106 2294 Β
1203 2264 1246 2294 58
1267 2262 1461 2295 herniarum
1478 2263 1512 2295 Β
1611 2264 1653 2296 61
1677 2266 1747 2296 tam

183 2315 293 2347 multa
315 2315 349 2347 Β
502 2316 547 2347 62
566 2318 698 2357 repente
719 2316 754 2348 B
781 2316 901 2348 medici
922 2314 989 2348 AB
1141 2316 1338 2348 63'hernias
1360 2316 1394 2349 Β
1547 2318 1590 2349 65
1612 2319 1693 2350 suut
1715 2318 1747 2350 A

184 2370 205 2401 6
210 2371 230 2402 7
249 2370 457 2411 inqeniantes
479 2370 513 2403 Β
644 2372 687 2403 68
710 2370 854 2403 Graecia
874 2371 909 2403 Β

315 2500 444 2533 44--45
467 2500 526 2538 τὴν
542 2499 697 2537 αὐτοψίαν
785 2499 827 2532 45
851 2499 907 2538 τὴν
925 2500 1064 2538 ἱστορίαν
1154 2500 1197 2533 45
1220 2500 1277 2539 τὴν
1301 2501 1337 2531 δὲ
1352 2503 1409 2531 τοῦ
1433 2501 1547 2540 ὁμοίου
1570 2502 1746 2540 μετάβασιν

186 2552 271 2592 (Ser.
294 2556 373 2585 min.
394 2553 444 2584 III
458 2552 538 2592 3‚25
562 2551 766 2592 Helmreioh)
929 2553 1059 2586 48—49
1082 2554 1119 2598 οἱ.Ι
1136 2554 1330 2593 δογματικοί
1493 2556 1534 2588 51
1559 2557 1748 2594 ὀδοντικοὺς

184 2616 274 2645 τινας
296 2609 354 2638 καὶ
378 2608 515 2644 ὠτικοὺς
536 2608 593 2637 καὶ
616 2607 766 2644 ἐδρικοὺς
782 2606 823 2647 (2³)
846 2607 975 2646 ἰατροὺς
998 2607 1211 2646 ὀνομάζοντες
1385 2610 1515 2644 51-52
1538 2611 1584 2647 εἰς
1608 2612 1747 2649 ἀπορίαν

184 2663 229 2696 53
251 2664 288 2693 τὸ
312 2665 374 2693 τῶν
397 2663 609 2702 ὁφθοιλμικῶν
636 2662 741 2701 ὄνομα
892 2663 933 2696 57
938 2663 1022 2695 —58
1044 2665 1293 2703 παρακεντητάς
1315 2666 1375 2695 καὶ
1396 2665 1603 2705 κηλοτόμους
1627 2666 1750 2704 ἄλλους

186 2725 277 2755 τινας
298 2718 357 2748 καὶ
378 2718 575 2757 λιθοτόμους
706 2717 749 2750 60
770 2718 860 2747 κατὰ
883 2716 917 2757 ἓν
942 2717 1081 2748 ἕκαστον
1106 2718 1215 2755 πάθος

1767 747 1810 778 50

1767 1074 1809 1103 55

1771 1727 1811 1757 65
